4890 5969
2277 759 2371 841 27

691 991 900 1055 νέναι·
943 983 1166 1057 ἕκεῒνα
1208 993 1335 1078 γὰρ
1379 988 1660 1072 δυνάμει
1700 992 1822 1072 μέν
1862 984 2049 1056 ἐστιν
2091 984 2166 1056 ἐν
2205 995 2345 1066 τοῖς
2390 987 2729 1073 σώμασιν,
2777 983 3075 1076 ἐνεργείᾳ
3115 986 3191 1051 δὲ
3235 1009 3263 1052 ο

691 1095 766 1178 ἐξ
808 1098 1029 1168 αὐτῶν
1069 1101 1394 1185 γεγονότα
1436 1101 1551 1167 διὰ
1592 1103 1820 1185 μέσων
1859 1106 1993 1167 τῶν
2033 1106 2327 1188 τροφῶν,
2378 1098 2545 1184 αἷμα
2587 1105 2700 1165 καὶ
2741 1101 3002 1185 φλέγμα
3034 1104 3148 1164 καὶ
3185 1095 3223 1185 ἦ

692 1212 872 1297 χολή.
917 1249 995 1260 -
1054 1215 1158 1278 De
1183 1213 1379 1278 Fac.
1437 1218 1596 1278 nat.
1639 1214 1769 1279 vol.
1810 1212 1906 1296 Π,
1960 1235 2024 1297 p.
2070 1212 2177 1280 12:
2241 1215 2541 1279 καλεῖται
2593 1210 2652 1277 δ’
2710 1209 3082 1296 αἰσθητὰ
3129 1231 3263 1276 στο

689 1330 895 1412 μερῆ
937 1324 1161 1391 πάντα
1205 1330 1325 1391 τοῦ
1372 1324 1672 1408 σώματος
1712 1324 1947 1413 μόριας
1992 1326 2073 1390 de
2114 1324 2346 1389 Meth.
2401 1325 2595 1389 med.
2640 1325 2768 1389 vol.
2811 1322 2906 1404 X,
2967 1345 3028 1406 p.
3074 1323 3225 1389 481:

691 1434 962 1522 μόριον,
1006 1432 1095 1512 ὥς
1150 1443 1262 1503 καὶ
1315 1436 1612 1521 τοῦνομα
1679 1434 1844 1503 αὐτὸ
1906 1444 2144 1523 σαφῶς
2197 1432 2639 1516 ἐνδείκνυται,
2705 1435 2779 1501 τὸ
2824 1434 3263 1521 διαιρούμενοῑ

690 1545 913 1633 μόρια.
999 1547 1230 1632 Quod
1275 1550 1530 1613 animi
1572 1568 1764 1614 mor.
1811 1569 2019 1635 corp.
2063 1550 2300 1633 temssp.
2345 1549 2472 1612 vol.
2515 1548 2641 1630 IV,
2687 1569 2746 1631 p.
2792 1547 2948 1614 773:
3002 1545 3157 1631 ἤτε
3200 1568 3263 1612 σι

691 1658 1047 1746 χόνδρος
1102 1666 1214 1726 καὶ
1263 1661 1565 1746 πιμελὴ
1609 1666 1721 1727 καὶ
1760 1659 1970 1728 πάνθ’
2039 1658 2265 1738 ἅπλῶς
2304 1661 2388 1726 τὰ
2428 1659 2826 1747 πρωτόγονα
2880 1660 3003 1743 μὲν
3045 1655 3179 1724 ὑπὸ
3223 1664 3263 1722 Ι

690 1776 890 1858 μερῆ
932 1770 994 1836 δ’
1018 1768 1132 1838 ὑπ’
1154 1770 1648 1859 Ἀριστοτέλους
1677 1771 2150 1858 ὀνομαζόμενα.
2188 1773 2483 1839 Comm.
2527 1774 2602 1835 in
2627 1772 2856 1856 Hipp.
2902 1772 2997 1834 de
3040 1777 3263 1834 natm

693 1882 970 1968 δευτέρα
1013 1880 1086 1950 ἐκ
1125 1884 1382 1950 τούτων
1410 1921 1493 1932 -
1540 1883 1850 1961 σύνθεσις
1890 1891 2179 1966 γίγνεται
2213 1886 2557 1968 σωμάτων,
2601 1882 2645 1947 ἃ
2690 1885 3021 1967 καλοῦμεν
3064 1879 3263 1968 ὄργα

691 1997 880 2072 λους,
930 1993 1289 2080 ὀφθαλμοῦ
1330 2019 1405 2062 τε
1446 2000 1558 2060 καὶ
1598 1994 1875 2082 γλώττης
1926 2002 2039 2062 καὶ
2078 1996 2451 2080 πνεύμονος
2492 2000 2604 2061 καὶ
2644 1995 2921 2080 καρδίας
2962 1992 3214 2081 ἥπατός

692 2112 958 2195 νεφρῶν
997 2113 1111 2173 καὶ
1152 2107 1438 2195 γαστρὸς
1480 2113 1593 2173 καὶ
1646 2108 1893 2196 μήτρας
1919 2107 2070 2193 ,ὅσα
2112 2105 2167 2173 τ’
2212 2107 2382 2176 ἄλλα
2424 2114 2726 2174 τοιαῦτα.

1024 2219 1217 2286 δέον
1259 2218 1508 2300 ἄγειν
1540 2225 1983 2286 καὶταῦτα
2024 2219 2128 2304 μὴ
2173 2217 2793 2306 ἀβασανίστως]
2842 2217 3034 2302 Quod
3080 2219 3263 2301 vulg(

697 2329 761 2394 id
806 2332 1083 2396 fortasse
1143 2351 1230 2396 ex
1292 2329 1661 2413 λαμβάνειν
1713 2332 2144 2415 depravatum
2199 2339 2329 2415 est,
2401 2333 2577 2416 quod
2623 2333 2885 2416 proprie
2940 2332 3173 2395 dicitur
3236 2330 3263 2392 d

697 2447 964 2506 sumunt
1003 2443 1186 2508 nulla
1229 2446 1801 2526 argumentatione
1846 2445 2320 2510 confirmatum.
2372 2447 2490 2509 De
2533 2444 2742 2507 Plac.
2787 2444 3010 2527 Hipp.
3056 2449 3135 2507 et
3176 2442 3258 2505 Pl

695 2553 773 2620 τό
815 2554 1217 2640 ζητούμενον
1254 2552 1420 2622 αὐτὸ
1465 2557 1886 2638 λαμβάνουσι
1933 2558 2048 2632 (cf.
2092 2556 2230 2635 294,
2278 2558 2388 2637 153
2434 2557 2577 2636 651,
2620 2559 2762 2635 11).

1025 2668 1413 2733 λείπεται
1466 2667 1672 2754 πρὸς
1723 2668 1813 2734 τὸ
1868 2668 1968 2753 μὴ
2029 2667 2251 2735 εἶναι
2293 2664 2803 2753 φιλόσοφον]
2868 2667 3263 2750 Exspectam

695 2779 773 2845 τό
815 2779 901 2865 μὴ
948 2776 1138 2864 (οὐκ)
1188 2778 1362 2845 εἶναι
1403 2781 1789 2865 φίλοσοφον
1837 2783 1951 2853 (cf.
1995 2781 2193 2864 Soph.
2239 2780 2317 2847 Ο.
2342 2782 2419 2846 R..
2467 2780 2655 2847 1232:
2699 2781 2914 2845 λείπει
2948 2780 3071 2861 μὲν
3113 2774 3256 2844 οὐδ’

697 2890 773 2956 τὸ
817 2892 903 2977 μὴ
951 2889 1029 2958 οὗ
1072 2888 1426 2975 βαρύστον’
1478 2888 1686 2976 εἶναι)
1737 2899 1850 2955 aut
1899 2897 1969 2956 τί
2005 2894 2301 2958 λείπεται
2342 2892 2512 2980 πρὸς
2555 2892 2630 2958 τὸ
2687 2889 2860 2957 εἶναι
2904 2914 2977 2975 φ.
3064 2891 3148 2953 Hi
3190 2892 3263 2954 du

701 3025 908 3068 unum
953 3006 1014 3071 h.
1058 3005 1100 3069 l.
1145 3006 1405 3070 conflati
1449 3006 1766 3069 videntur.

1035 3115 1260 3193 ὅστις
1303 3115 1406 3181 ἂν
1447 3113 1733 3203 ἰατρὸς
1777 3113 1840 3206 ᾖ]
1909 3116 2018 3181 Sic
2070 3117 2258 3181 codd.
2304 3117 2453 3180 edd.
2536 3115 2621 3179 At
2673 3120 2767 3181 sic
2831 3118 2884 3180 si
2943 3117 3263 3199 scripsisse

702 3229 1122 3293 mentationis
1187 3230 1319 3292 vim
1387 3230 1746 3292 evertisset.
1860 3227 2010 3292 Non
2072 3228 2428 3312 quemlibet
2490 3229 2848 3310 medicum,
2914 3230 3031 3294 sed
3074 3229 3186 3313 qui
3243 3232 3263 3288 t

701 3339 1184 3424 descripsisset,
1229 3340 1333 3404 vel
1377 3342 1695 3424 optimum
1741 3342 2116 3424 iustumque
2157 3340 2486 3404 medicum
2546 3341 2828 3406 eundem
2873 3341 3260 3427 philosophu

701 3453 826 3535 vit,
871 3451 936 3515 id
981 3451 1158 3536 quod
1203 3452 1308 3516 vel
1352 3470 1436 3516 ex
1476 3453 1893 3535 inscriptione
1934 3457 2115 3535 patet
2156 3472 2215 3539 p.
2254 3452 2293 3518 3
2335 3453 2526 3516 huius
2552 3454 2957 3537 Programm.
3003 3453 3263 3517 laudata

702 3565 1073 3647 putavimus
1137 3564 1529 3628 vocabulum
1588 3564 1740 3628 huic
1791 3566 2157 3628 sententiae
2222 3566 2817 3630 accommodatum.
2904 3565 3042 3630 Nos
3096 3565 3263 3648 elegi

702 3678 945 3741 cientes
988 3696 1050 3759 p.
1094 3676 1198 3758 14,
1241 3676 1310 3742 5:
1356 3672 1393 3741 ὅ
1435 3672 1491 3756 γ’
1536 3673 1843 3761 α’ληθὴς
1884 3673 2126 3762 ἰατρός.

1034 3781 1508 3872 ἑωρακότας
1546 3787 1661 3873 γε]
1750 3788 1919 3853 ‘Non
1964 3788 2527 3854 demonstratione
2588 3789 2721 3854 ulla
2776 3808 2942 3873 opus
2984 3807 3133 3852 esse
3175 3788 3263 3851 arl

705 3903 818 3984 qui
861 3900 1129 3984 quidem
1187 3918 1391 3984 saepe
1446 3900 1761 3966 viderint.⁹
1842 3901 2238 3965 Particulam
2302 3924 2379 3983 γε
2422 3902 2501 3965 G.
2545 3901 2930 3985 saepissime
2986 3900 3165 3964 addit
3207 3899 3263 3961 Pz

703 4035 767 4097 p.
798 4011 878 4078 12
903 4057 920 4091 ‚
962 4012 1031 4079 8:
1079 4005 1312 4096 ὁμοίου
1355 4034 1431 4094 γε
1472 4010 1552 4098 δὴ
1593 4018 1711 4079 τοῦ
1755 4011 2004 4095 κόσμου
2050 4011 2305 4091 ὄντος),
2348 4015 2414 4077 in
2463 4015 2696 4096 quibus
2743 4015 2871 4076 vim
2922 4013 3206 4096 aliquam
3254 4032 3263 4074 ι

709 4143 857 4190 esse
887 4124 1043 4189 vult.

2174 4384 2338 4469 Gap.
2381 4384 2503 4452 lv.

1037 4579 1349 4667 Quarta
1392 4602 1544 4666 pars
1589 4585 1902 4668 epilogi
1944 4585 2159 4650 locum
2206 4587 2421 4650 habet.
2506 4583 2743 4648 Inutile
2796 4600 2945 4647 esse
3001 4585 3090 4645 ait
3133 4600 3263 4648 non

707 4711 1013 4776 movere,
1064 4696 1120 4759 si
1164 4697 1308 4779 quis
1352 4696 1520 4760 haec
1561 4700 1785 4763 omnia
1826 4699 2063 4763 cadere
2131 4699 2194 4760 in
2241 4697 2568 4761 medicum
2625 4697 2987 4780 perfectum
3032 4696 3263 4759 conce(

709 4826 856 4871 men
901 4807 964 4871 ei
1005 4823 1138 4872 non
1166 4807 1502 4875 concedat.
1588 4811 1690 4873 Ad
1727 4811 1909 4874 illam
1945 4814 2167 4874 autem
2199 4810 2662 4892 perfectionem
2712 4808 3263 4890 absolutionemqt
