4890 5969
2290 758 2381 840 17

695 1008 1023 1074 casusque
1071 1008 1382 1074 quaeque
1423 992 1616 1072 signa
1659 991 2066 1074 tempestatis
2091 996 2549 1080 sequerentur,
2594 999 2647 1054 ut

695 1101 797 1183 60,
839 1101 939 1183 66,
973 1100 1087 1186 70)
1122 1108 1324 1186 atque
1358 1109 1429 1165 ut
1460 1104 1603 1186 ipse
1627 1101 1935 1184 exemplo
1981 1119 2122 1183 suo,
2167 1101 2261 1164 ita
2291 1103 2521 1168 schola
2548 1105 2647 1167 eiu

698 1213 876 1277 libris
923 1220 1229 1296 apparet,
1277 1214 1849 1278 observationibus
1888 1213 2280 1277 caelestibus
2323 1214 2647 1279 doctrinm

698 1325 756 1388 d'
802 1325 1204 1408 Hippocrate
1249 1326 1365 1389 des
1415 1328 1566 1401 aire,
1612 1326 1727 1388 des
1773 1343 1949 1389 eaux
1995 1335 2060 1388 et
2104 1326 2219 1389 des
2262 1326 2440 1390 lieux
2483 1327 2647 1391 Tom

697 1437 1098 1520 Hippocrate
1141 1440 1398 1521 pensoit
1439 1438 1522 1501 de
1571 1438 1606 1500 l'
1651 1436 1973 1501 influence
2018 1438 2102 1500 de
2146 1456 2256 1501 ces
2300 1445 2511 1502 astres
2543 1457 2647 1503 cor

697 1549 940 1613 mande
984 1549 1042 1612 d'
1085 1550 1400 1613 observer
1444 1549 1585 1613 leur
1627 1550 1807 1613 lever
1848 1554 1913 1612 et
1955 1550 2099 1612 leur
2140 1550 2427 1614 coucher
2471 1569 2647 1634 quel

697 1663 792 1726 les
839 1663 1123 1725 Anciens
1168 1665 1210 1724 a
1251 1642 1569 1743 marquer
1610 1661 1675 1723 la
1719 1660 1995 1724 division
2042 1662 2127 1725 de
2171 1662 2347 1725 leurs
2393 1665 2647 1726 saisons

1030 1772 1339 1839 Ceterum
1392 1773 1717 1837 Galenum
1776 1776 2225 1837 astronomiae
2275 1776 2647 1838 sententian

696 1887 1162 1969 Hippocratem
1210 1885 1314 1948 vel
1361 1902 1447 1948 ex
1495 1903 1576 1948 eo
1624 1885 1929 1964 efficitur,
2002 1886 2173 1967 quod
2228 1886 2396 1949 illius
2442 1886 2647 1949 studiu

697 2000 1036 2061 metriam:
1106 1997 1341 2080 Itaque
1384 2016 1532 2060 cum
1579 1997 1721 2061 aliis
1770 1998 1964 2077 locis,
2029 1998 2136 2060 ubi
2181 1998 2265 2061 de
2310 1998 2647 2081 disciplinis

698 2109 1010 2188 mundus,
1057 2110 1362 2192 disputat,
1408 2111 1880 2173 astronomiam
1930 2129 2078 2174 cum
2125 2113 2488 2192 geometria
2534 2129 2647 2174 con

697 2244 758 2305 p.
785 2224 824 2288 5
851 2224 960 2303 in.‚
987 2223 1095 2285 ubi
1120 2224 1183 2283 in
1205 2221 1593 2285 Thessalum
1622 2220 2024 2284 Trallianum
2053 2223 2517 2303 methodicum,
2548 2222 2647 2285 litt«

697 2337 972 2417 eiusque
1013 2339 1261 2397 sectam
1309 2335 1400 2396 ita
1445 2335 1797 2395 invehitur:
1855 2330 1921 2398 εἰ
1955 2334 2082 2419 γὰρ
2129 2333 2284 2400 οὔτε
2324 2339 2647 2417 γεωμετρί

695 2453 808 2529 κῆς
850 2445 1004 2511 οὔτε
1047 2450 1366 2530 μουσικῆς
1411 2445 1570 2511 οὔτε
1620 2446 1824 2510 ἄλλου
1867 2446 2046 2520 τινὸς
2089 2445 2485 2530 μαθήματος
2526 2453 2647 2511 τῶν

698 2564 861 2624 σθαι
905 2557 1201 2633 δέονται,
1245 2593 1325 2602 -
1372 2554 1640 2638 ἕτοιμον
1683 2557 1802 2641 ἤδη
1846 2560 2200 2643 προσιέναι
2242 2562 2448 2623 παντὶ
2489 2581 2647 2643 γενηῚ

1030 2668 1278 2752 φύσιν
1335 2668 1707 2752 σώματος
1750 2706 1832 2717 -
1875 2665 2127 2754 ἀρχὴν
2171 2667 2390 2734 εἶναι
2454 2670 2647 2755 φάσι

695 2781 1030 2861 παντός]
1082 2782 1297 2844 Multis
1333 2781 1493 2844 locis
1522 2781 1959 2864 Hippocrates
1983 2782 2569 2865 Hippocraticique
2601 2803 2641 2845 n

694 2914 978 2960 noscere
1025 2895 1320 2957 medicos
1363 2894 1622 2970 iubent,
1668 2894 1847 2956 velut
1887 2894 2074 2976 Epid.
2124 2896 2183 2976 1,
2230 2894 2300 2975 33
2369 2895 2454 2959 de
2494 2900 2611 2959 rat.

697 3008 930 3072 medic.
975 3006 1077 3086 20,
1123 3007 1225 3073 36.
1324 3007 1428 3069 Ex
1484 3008 1608 3070 hac
1668 3009 2043 3088 cognitione
2107 3009 2494 3091 principium
2565 3014 2647 3073 tol

697 3125 928 3184 auctor
970 3118 1116 3182 libri
1163 3120 1261 3183 de
1289 3118 1537 3183 Locis
1585 3121 1656 3180 in
1702 3119 1894 3183 hom.
1943 3138 1994 3181 c.
2033 3118 2074 3184 2
2120 3118 2238 3202 (ΙΙ,
2281 3119 2404 3186 396
2447 3120 2647 3204 Erm.]

693 3226 769 3297 ἕν
812 3228 1058 3319 ἰητρικῇ
1102 3225 1342 3310 λόγον’.

1025 3340 1062 3425 ἢ
1111 3340 1429 3425 πλοκὴν
1472 3338 1508 3425 ἢ
1554 3339 2041 3421 διάπλασιν]
2094 3344 2172 3406 cf.
2231 3343 2325 3405 de
2369 3343 2527 3406 Usu
2573 3362 2647 3426 pt

694 3457 855 3539 περί
902 3475 974 3517 τε
1014 3455 1269 3529 θέσεως
1313 3488 1391 3499 -
1434 3450 1647 3517 εἰπεῖν
1690 3457 1802 3518 καὶ
1861 3449 2159 3541 α’ριθμοῦ
2224 3459 2337 3519 καὶ
2389 3459 2647 3538 μεγέθοι

694 3569 806 3630 καὶ
851 3564 1255 3649 συμφύσεως
1307 3569 1419 3630 καὶ
1471 3569 1583 3650 τῆς
1636 3565 1804 3651 πρὸς
1848 3565 2100 3651 ἄλληλα
2145 3573 2497 3642 κοινωνίας
2546 3569 2647 3649 ξυμ

697 3678 823 3743 vol.
855 3679 931 3759 V,
976 3700 1036 3762 p.
1063 3677 1217 3745 228:
1273 3674 1557 3763 ὑπάρχει
1605 3678 1682 3763 δὴ
1726 3684 1801 3767 τῇ
1846 3678 2089 3766 καρδίᾳ
2132 3682 2328 3755 θέσις
2368 3683 2483 3744 καὶ
2522 3681 2647 3763 πηλ

694 3794 807 3855 καὶ
849 3789 1153 3866 διάθεσις
1197 3795 1311 3855 καὶ
1350 3795 1604 3875 κίνησις
1652 3791 1930 3874 aliisque
1998 3791 2158 3855 locis
2204 3792 2370 3855 haec
2425 3794 2647 3856 nomin

696 3908 796 3966 est
839 3903 1212 3985 complexio
1261 3920 1574 3966 vasorum
1619 3903 2032 3986 aliarumque
2091 3906 2370 3985 partium
2420 3922 2647 3988 corpor

694 4015 761 4076 in
789 4024 1001 4077 semet
1043 4017 1219 4097 ipsas
1249 4015 1622 4097 implicatae
1648 4034 1795 4078 esse
1821 4016 2188 4095 videantur,
2228 4016 2405 4079 velut
2447 4018 2511 4078 in
2557 4018 2647 4080 iec

697 4125 941 4192 οὔκουν
982 4126 1373 4215 διακρίσεως
1437 4124 1660 4192 ἕνεκεν
1713 4122 1750 4209 ἦ
1805 4125 2003 4210 φύσις
2046 4122 2324 4211 ἐποίησε
2378 4126 2522 4211 τὴν
2576 4151 2647 4192 τε

693 4237 908 4325 ἧπαρ
953 4235 1337 4319 ἀγγείων,
1381 4235 1520 4304 ἀλλ’
1567 4233 1735 4323 ὑπὲρ
1777 4245 1895 4305 τοῦ
1939 4241 2382 4326 χρονίζουσαν
2421 4233 2497 4305 ἐν
2534 4243 2627 4327 τῷ

693 4351 947 4426 τελέως.
1031 4350 1404 4427 Διάπλασις
1447 4357 1512 4415 et
1553 4350 2089 4417 διαπλάττεσθαι
2132 4359 2353 4416 autem
2401 4353 2635 4415 dicitur

697 4465 873 4546 poris
918 4466 984 4526 in
1025 4470 1211 4527 utero
1257 4466 1501 4528 matris.
1561 4461 1640 4528 cf.
1687 4464 1770 4528 de
1813 4464 1989 4528 Plac.
2038 4463 2122 4547 V,
2179 4487 2239 4550 p.
2284 4465 2434 4532 277:
2492 4464 2647 4550 πρώ

696 4575 1229 4641 διαπλάττεσθαι
1267 4574 1386 4661 τὴν
1427 4575 1729 4662 καρδίαν.

1027 4693 1164 4753 καὶ
1201 4690 1346 4771 μέν
1384 4710 1472 4769 γε
1511 4692 1645 4753 καὶ
1687 4684 1820 4768 ὥς]
1873 4689 1980 4753 Sic
2046 4708 2085 4753 e
2127 4690 2256 4754 fide
2312 4691 2614 4756 codicum

696 4803 808 4864 καὶ
847 4800 971 4883 μὲν
1013 4798 1092 4884 δὴ
1135 4806 1277 4881 καί,
1332 4802 1424 4865 ita
1459 4802 1585 4866 hac
1625 4802 1702 4865 G.
1761 4803 1824 4864 in
1870 4804 2142 4865 transitu
2189 4804 2415 4885 utitur,
2475 4805 2586 4867 ubi
2641 4827 2647 4865 ε
