4890 5969
2343 764 2393 845 5

731 997 798 1058 et
839 991 968 1057 dici
1013 1009 1212 1076 posse
1254 1009 1475 1076 neque
1520 993 1888 1058 audiendos
1932 1012 2082 1058 esse
2129 999 2247 1059 aut
2287 1012 2437 1074 eos,
2486 995 2598 1078 qui
2639 995 2809 1058 haec

733 1104 992 1188 Iosophi
1036 1109 1257 1168 autem
1302 1121 1549 1169 nomen
1595 1104 1680 1169 ab
1725 1122 1806 1170 eo
1837 1106 2220 1171 abiudicare
2249 1107 2518 1188 vellent,
2562 1109 2681 1169 aut
2720 1122 2831 1170 eos

736 1215 1029 1280 discendi
1086 1221 1153 1280 et
1197 1217 1686 1281 exercitationis
1747 1216 1981 1283 labore
2031 1236 2198 1302 opus
2265 1236 2414 1282 esee
2460 1219 2831 1283 existimare

739 1329 933 1410 phiae
974 1327 1192 1392 studia
1235 1327 1507 1392 medicis
1537 1327 1820 1394 colenda
1860 1348 2030 1413 esee,
2076 1332 2131 1394 ei
2175 1330 2442 1414 quidem
2471 1331 2831 1414 Hippocrat

733 1457 865 1504 non
909 1440 1123 1504 solum
1169 1440 1415 1504 similes
1457 1441 1627 1506 illiue
1670 1443 1810 1506 fieri
1855 1459 2347 1527 posse,‡verum
2393 1444 2594 1507 etiam
2636 1444 2703 1505 in
2748 1457 2831 1504 ari

883 1552 892 1563 '
1070 1551 1177 1614 Ex
1221 1553 1349 1617 boc
1390 1555 1752 1618 summario
1796 1559 1999 1638 patet,
2045 1572 2244 1638 quam
2291 1573 2452 1619 vere
2490 1555 2782 1618 Galenus
2826 1554 2831 1615 3

737 1664 990 1745 tulerit,
1047 1666 1116 1727 in
1161 1667 1409 1748 optimo
1456 1666 1631 1730 enim
1679 1665 1935 1730 medico
1981 1666 2440 1732 adumbrando
2498 1666 2567 1730 id
2610 1668 2773 1749 egit,

735 1794 933 1858 suae,
1003 1794 1282 1860 quorum
1330 1794 1463 1841 non
1522 1779 1716 1861 pauci
1762 1795 2029 1842 omnem
2091 1778 2459 1844 doctrinam
2506 1777 2831 1844 subtiliore

737 1895 944 1954 artem
979 1889 1418 1969 venditarent,
1464 1895 1780 1973 tanquam
1820 1890 2166 1974 exemplar
2199 1891 2436 1955 medici
2476 1909 2739 1954 summa
2782 1908 2831 1954 e]

736 2001 1121 2066 excellentis
1164 2008 1584 2085 proponeret.

1062 2113 1418 2191 Libellum,
1490 2131 1623 2198 quo
1668 2113 1962 2178 Galenus
2006 2132 2158 2178 cum
2206 2116 2553 2197 egregiam
2597 2119 2831 2178 mentei

733 2226 982 2290 celsam
1024 2226 1263 2291 medici
1324 2227 1683 2308 imaginem
1729 2227 1851 2289 sibi
1908 2227 2201 2305 finxerit,
2264 2226 2589 2304 declarat,
2653 2226 2807 2290 inde

734 2343 870 2401 tum
909 2355 1059 2402 esee
1104 2355 1238 2402 non
1281 2339 1519 2401 mirum
1565 2343 1683 2403 eet.
1772 2338 2031 2402 Graece
2097 2341 2381 2422 primum
2429 2338 2668 2422 prodiit
2723 2339 2786 2401 in

734 2467 897 2513 nae
941 2449 1063 2534 (A)
1111 2449 1241 2513 vol.
1286 2449 1317 2512 I
1360 2448 1469 2513 fol.
1517 2450 1557 2515 5
1606 2448 1867 2534 (1525),
1939 2453 2122 2515 cuius
2168 2457 2387 2516 textus
2432 2469 2472 2516 e
2515 2469 2648 2535 quo
2704 2451 2827 2516 cod

738 2569 953 2625 ratum
1001 2567 1120 2627 est.
1209 2561 1284 2626 Id
1334 2562 1598 2646 quidem
1643 2580 1762 2646 pro
1809 2545 1990 2627 certo
2027 2564 2341 2627 affirmari
2384 2570 2605 2648 potest
2647 2564 2831 2628 edito}

737 2674 1035 2739 codicem
1082 2675 1205 2737 eibi
1250 2677 1657 2757 propositum
1703 2693 1966 2739 summa
2022 2676 2152 2740 fide
2193 2678 2572 2760 paucisimis
2617 2676 2831 2740 adhibi

729 2788 893 2849 sisse
936 2786 1223 2870 ideoque
1267 2785 1578 2850 Aldinam
1624 2785 1867 2851 codicis
1924 2789 2131 2852 instar
2173 2788 2551 2852 habendam
2599 2806 2766 2852 esse.

733 2898 998 2981 quidem
1043 2900 1379 2980 noverim,
1441 2900 1763 2980 originem
1827 2903 2190 2963 traxerunt.
2277 2900 2485 2982 Nam,
2557 2919 2730 2984 quae
2773 2921 2831 2986 pi

619 3083 646 3109 .-
731 3014 846 3074 sis
897 3009 1060 3092 (B),
1132 3012 1316 3074 cuiue
1381 3011 1510 3074 vol.
1552 3010 1583 3073 I
1648 3030 1798 3094 pgg.
1839 3011 2051 3078 8-10
2110 3012 2368 3077 libellus
2426 3015 2799 3078 continetur

735 3123 978 3186 Aldina
1022 3123 1304 3206 pendet,
1348 3125 1473 3186 nisi
1518 3124 1694 3208 quod
1728 3141 2069 3206 perpauca
2112 3130 2369 3188 mutata
2411 3132 2567 3188 aunt
2607 3127 2750 3190 sive
2792 3127 2831 3189 il

732 3241 999 3318 praeter
1041 3234 1338 3297 additum
1382 3234 1601 3298 multia
1644 3235 2051 3318 nominibue‚
2103 3255 2512 3321 quamquam
2557 3254 2692 3301 non
2736 3254 2831 3301 om

732 3349 799 3409 in
842 3348 900 3409 A
942 3346 1335 3430 plerumque
1379 3348 1694 3411 omissum
1739 3352 1872 3431 est,
1937 3353 2003 3412 et
2045 3355 2378 3413 correctos
2422 3350 2778 3415 nonnullos
2826 3371 2831 3408 ι

733 3459 890 3522 data
934 3459 1067 3522 alia
1112 3458 1357 3522 menda
1399 3458 1575 3523 levia
1618 3459 1775 3522 nihil
1820 3464 2191 3525 correctum
2239 3461 2475 3541 habet,
2520 3460 2698 3545 quod
2743 3480 2831 3525 m«

729 3573 900 3653 μένα
944 3571 1010 3633 in
1055 3566 1390 3658 εἰρημένα
1435 3572 1592 3653 (vol.
1637 3569 1668 3634 I
1708 3590 1773 3654 p.
1818 3572 1900 3638 57
1945 3578 2101 3636 ante
2147 3573 2319 3636 med.
2365 3571 2466 3654 K)
2519 3579 2831 3638 mutatum

733 3685 978 3748 teriora
1029 3682 1339 3764 reddidit,
1404 3682 1606 3747 veluti
1649 3702 1800 3747 cum
1846 3705 1907 3767 p.
1951 3683 2033 3749 53
2077 3689 2242 3747 extr.
2300 3683 2420 3770 τὴν
2461 3684 2666 3771 ταύτῃ
2710 3682 2830 3769 ἧγο

727 3813 846 3878 pro
892 3813 1002 3873 e0‚
1050 3796 1225 3879 quod
1268 3794 1507 3880 ταύτης
1550 3797 1839 3860 scribere
1883 3794 2142 3874 debuit,
2190 3796 2298 3861 vel
2345 3793 2536 3873 ἀξιοῖ
2574 3803 2673 3881 (p.
2701 3799 2783 3864 54
2823 3802 2831 3862 i

728 3914 914 3984 κταῒς
959 3916 1141 3991 (pag.
1188 3906 1270 3974 59
1310 3908 1427 3988 in.)
1472 3910 1540 3971 in
1584 3903 1689 3974 ἐπ’
1735 3905 1968 3984 ἀκταῖς
2012 3909 2351 3992 distraxit,
2398 3929 2520 3994 pro
2566 3929 2696 3993 quo
2740 3906 2831 3977 ἐπ

730 4022 891 4083 vitia
931 4019 1247 4100 Aldinae,
1294 4038 1468 4103 quae
1507 4039 1641 4084 non
1684 4041 1899 4104 pauca
1932 4031 2103 4103 eunt,
2145 4021 2397 4086 intacta
2447 4022 2729 4106 reliquit.
2806 4025 2831 4087 l

730 4138 878 4213 post
919 4130 1368 4196 Basileensem
1422 4149 1634 4215 usque
1677 4133 1761 4196 ad
1809 4132 2245 4198 Goulstonum
2308 4136 2375 4198 in
2423 4134 2640 4200 lucem
2688 4138 2831 4200 mist

728 4251 987 4325 pertum
1033 4244 1280 4324 habeo,
1327 4244 1485 4327 quia
1525 4245 1591 4306 in
1640 4250 2063 4327 conspectum
2112 4263 2337 4310 meum
2383 4264 2516 4311 non
2563 4266 2831 4312 venerut

728 4518 797 4583 (t.
822 4515 901 4582 11,
938 4530 990 4584 p.
1029 4514 1137 4571 353
1177 4511 1263 4569 od.
1307 4510 1559 4582 Chart.)=
1608 4510 1704 4567 διὸ
1753 4513 1847 4567 δεῖ
1886 4541 1948 4553 -
1988 4510 2264 4585 μετάγειν
2300 4512 2408 4581 τὴν
2444 4522 2659 4587 σοφίην
2695 4516 2752 4578 ἐς
2787 4537 2831 4572 τι

724 4620 955 4685 σοφίην.
1000 4613 1189 4687 ἰητρὸς
1223 4613 1333 4685 γὰρ
1367 4610 1697 4684 φιλόσοφος
1744 4611 1989 4674 ἰσόθεος.
2026 4644 2096 4655 -
2134 4618 2230 4668 καὶ
2282 4614 2370 4669 ἔνι
2419 4611 2487 4669 τὰ
2526 4614 2673 4690 πρὸς
2720 4634 2831 4689 uoq

721 4712 990 4785 ἐντροπὴ,
1026 4713 1375 4787 &pv-§plnum
1421 4711 1758 4783 καταστολῆ,
1795 4713 1966 4780 δόξα,
2007 4720 2220 4787 κρίσις,
2258 4714 2496 4786 ἡσυχίη,
2532 4714 2831 4787 ἀπάντησις

934 4817 991 4884 4)
1032 4814 1248 4871 Graece
1282 4822 1340 4871 et
1367 4814 1539 4872 latine
1575 4831 1626 4872 c.
1664 4815 1923 4873 versione
1958 4815 2174 4872 Erasini
2209 4816 2574 4874 Roterodami
2610 4819 2786 4876 Paria.
2826 4839 2831 4876 τ
