4890 5969
2320 787 2417 868 19

724 1017 790 1082 id
835 1019 1199 1102 praecipiat
1232 1017 1698 1102 Hippocratae,
1744 1022 1814 1079 ut
1858 1017 2149 1082 medicus
2195 1018 2535 1101 praedicat
2576 1013 2639 1078 fu

723 1132 833 1206 eit,
879 1131 1159 1194 fortasse
1201 1130 1543 1192 incasurus
1587 1130 1701 1209 sit,
1757 1129 2109 1193 morbos!
2195 1129 2337 1194 Nec
2382 1129 2614 1193 melius

724 1241 1064 1325 praebent.
1131 1240 1302 1305 Nam
1351 1258 1438 1303 ex
1483 1240 1642 1304 locis
1686 1239 1898 1303 allatis
1941 1246 2123 1323 patet
2150 1240 2620 1324 Hippocratem

725 1354 1017 1436 corporis
1062 1354 1314 1435 aegroti
1344 1351 1586 1415 dixisse
1615 1351 1812 1434 idque
1857 1370 1988 1416 non
2036 1354 2179 1415 sine
2224 1371 2452 1433 causa,
2497 1370 2639 1434 quo]

723 1464 1055 1528 medicum
1098 1464 1267 1542 vult,
1313 1482 1443 1528 non
1489 1462 1701 1527 solum
1745 1462 2032 1546 πάθημα
2078 1465 2115 1526 i.
2161 1482 2217 1528 e.
2265 1474 2546 1529 mortem
2592 1485 2639 1524 v«

723 1579 971 1640 tionem
1018 1575 1255 1639 afferre
1300 1581 1531 1658 potest.
1618 1572 1852 1657 Itaque
1896 1575 2186 1638 Galenus
2245 1595 2514 1660 quoque
2560 1596 2639 1639 un

725 1688 821 1753 de
863 1688 1137 1751 Praen.
1196 1687 1288 1750 ad
1345 1687 1612 1751 Posth.
1660 1687 1784 1750 vol.
1829 1685 2012 1761 XIV,
2063 1708 2121 1770 p.
2166 1685 2315 1754 699:
2374 1686 2544 1754 ὅσον
2584 1713 2639 1771 μ

713 1796 1078 1881 Ἐπίγενες,
1145 1794 1484 1863 ἀδύνατόν
1526 1792 1669 1864 ἐστι
1720 1798 2243 1886 προγιγνώσκειν
2297 1800 2390 1863 τὰ
2432 1807 2600 1875 τοῖς

722 1909 953 1992 νόσον,
999 1919 1065 1974 et
1111 1928 1192 1974 eo
1235 1909 1402 1989 loc0‚
1450 1929 1649 1993 quem
1696 1912 1893 1976 modo
1940 1911 2223 1976 laudavi.
2291 1911 2456 1975 Illud
2501 1917 2639 1976 παθ

725 2041 903 2106 poor.
946 2020 1284 2105 Progn.3:
1327 2020 1448 2105 τὴν
1488 2021 1566 2086 δὲ
1608 2028 1978 2108 θεραπείην
2020 2020 2234 2107 ἄριστ’
2282 2021 2368 2087 ἂν
2410 2027 2639 2090 ποιέοι·

726 2134 1012 2220 ρεόντων
1051 2132 1590 2217 παθημάτων.

1058 2245 1365 2329 πολλὴν
1404 2248 1699 2331 χρῆναι
1739 2252 2257 2329 πεποιῆσθαι
2298 2247 2639 2333 πρόνοιι1

725 2359 974 2441 recepit
1014 2361 1365 2422 ποιεῖσθαι
1409 2361 1679 2438 ignarus
1725 2360 2214 2423 consuetudinis
2260 2360 2550 2447 dicendi,
2608 2380 2639 2443 q

724 2491 827 2534 κει
868 2468 1319 2552 similibusque
1361 2469 1758 2533 Infinitivum
1811 2470 2116 2551 Perfecti,
2163 2473 2302 2535 sive
2345 2473 2409 2535 id
2456 2489 2639 2556 propi

722 2583 1002 2663 iungere
1044 2581 1229 2646 solet.
1314 2583 1421 2645 Ex
1479 2584 1815 2665 permultis
1874 2584 2197 2666 exemplis
2252 2571 2454 2647 unum
2516 2585 2639 2648 affe

725 2688 960 2759 ὁτιοῦν
1001 2689 1491 2759 ἀποδεικνύναι
1532 2699 1886 2780 πειρᾶται,
1933 2702 2167 2781 πρῶτα
2208 2696 2332 2778 μὲν
2374 2696 2496 2782 χρὴ
2541 2702 2639 2762 τοὶ

722 2804 1079 2890 λημμάτων
1116 2802 1364 2883 αὐτῶν,
1409 2802 1539 2871 εἷθ’
1584 2802 1733 2890 ἑξῆς
1756 2806 1973 2894 χρόνῳ
2015 2809 2240 2895 πολλῷ
2284 2807 2635 2891 γεγυμνά

727 2917 884 2982 dum
931 2916 1348 2982 exltacismo
1377 2928 1604 2982 natum
1646 2921 1712 2983 in
1759 2920 1948 2983 codd.
1977 2919 2212 2984 Galeni
2238 2922 2639 3004 frequentias}

727 3030 1023 3095 scribens
1078 3033 1584 3096 accommodate
1628 3034 1712 3097 ad
1761 3052 1953 3097 usum
2000 3034 2237 3098 Galeni
2287 3031 2352 3098 εἰ
2391 3054 2444 3097 c.
2493 3035 2639 3117 Opt.

1058 3143 1317 3227 γόητά
1362 3166 1447 3209 τε
1485 3149 1622 3209 καὶ
1660 3145 2341 3231 παροδοξολόγον
2382 3142 2639 3211 ἀποκο

727 3254 856 3318 vol.
899 3253 1076 3335 XIV,
1121 3276 1183 3337 p.
1227 3254 1380 3320 601:
1449 3253 1614 3321 ὅταν
1655 3257 1781 3342 γάρ
1826 3281 1925 3333 τις
1967 3254 2193 3344 ἰατρὸς
2237 3292 2318 3305 --
2360 3255 2397 3342 ἢ
2441 3282 2639 3345 παραι

726 3360 909 3452 ῥῖγος
949 3364 987 3450 ἢ
1032 3368 1433 3454 καταφορὰν
1493 3366 1530 3453 ἢ
1575 3368 2018 3456 αἱμορραγίας
2071 3367 2109 3455 ἢ
2164 3368 2552 3453 παρωτίδας
2599 3406 2639 3416 -

726 3479 974 3554 ξένον
1026 3500 1110 3543 τε
1168 3484 1312 3544 καὶ
1351 3483 1595 3566 τέρας
1656 3489 1794 3558 τοῖς
1849 3479 2145 3558 ἰδιώταις
2210 3477 2324 3547 ὑπ’
2370 3478 2639 3567 ἀηθείας

725 3589 1202 3672 θαυμάζεσθαι
1244 3588 1404 3676 παρ’
1447 3589 1676 3670 αὐτοῖς
1736 3590 1772 3660 ὃ
1817 3593 2196 3680 προειπών,
2258 3589 2412 3658 ὥστ’
2459 3590 2639 3675 ἀγαπ

726 3700 1005 3779 δόξειεν.
1093 3703 1243 3787 Ipse
1285 3706 1362 3767 G.
1411 3723 1542 3769 non
1592 3726 1866 3790 parvam
1908 3708 2221 3770 invidiam
2267 3706 2639 3793 προγνώσει

729 3817 927 3878 etiam
974 3818 1151 3879 vitae
1194 3817 1556 3899 periculum
1604 3820 1818 3883 subiit.
1906 3818 2003 3885 Of.
2044 3819 2085 3881 1.
2131 3820 2170 3883 1.
2217 3840 2277 3901 p.
2323 3819 2449 3885 614
2490 3838 2639 3901 seqq

731 3925 896 3992 1854
939 3948 1000 4010 p.
1048 3928 1145 3992 14.
1190 3964 1274 3974 —
1338 3931 1465 3995 Pro
1516 3926 1944 3997 ἀποκαλοῦσι
1986 3930 2286 4013 Scaliger
2339 3931 2624 4014 simplex

728 4058 789 4121 p.
834 4038 990 4117 233,
1033 4042 1142 4104 11:
1188 4042 1625 4124 θαυμάζουσί
1661 4065 1734 4108 τε
1776 4048 1889 4108 καὶ
1930 4040 2630 4130 παραδοξολόγου

1064 4156 1316 4243 σχολῇ
1359 4150 1416 4235 γ’
1461 4152 1560 4219 ἂν
1606 4152 2503 4241 οὖτοι-ἀνάσχοιντο]
2554 4156 2639 4218 Ac

726 4269 945 4344 potest
986 4266 1082 4328 ‘m
1101 4265 1270 4330 ulto
1316 4268 1572 4331 minus
1590 4268 1624 4348 ⁹,
1650 4268 2152 4350 ponderandam
2180 4269 2387 4332 verba
2416 4277 2639 4333 antece

727 4380 800 4437 ut
840 4376 906 4438 in
952 4378 1242 4459 protasin
1271 4378 1654 4460 redigantur
1695 4382 1790 4444 sic
1832 4378 1972 4445 fere
2017 4381 2528 4445 conformatam:
2573 4376 2639 4446 εἰ

723 4486 1033 4567 λέγοντος
1073 4485 1450 4570 ἀνέχοιντο,
1491 4491 1688 4582 σχολῇ
1732 4488 1788 4573 γ’
1835 4490 1924 4557 ἂν
1968 4527 2044 4540 --
2090 4489 2301 4559 τᾶλλα
2342 4494 2639 4578 προλέγο

725 4598 858 4663 leni
903 4601 1130 4667 Anat.
1174 4601 1487 4667 Admin.
1534 4603 1661 4667 vol.
1711 4603 1806 4686 Π,
1872 4625 1935 4688 p.
1977 4604 2129 4672 289:
2186 4601 2362 4671 ὅπου
2412 4604 2540 4688 γὰρ
2587 4628 2639 4670 οι

725 4706 1069 4797 ἀνατομὴν
1110 4749 1196 4762 —
1235 4708 1549 4791 ἐλθόντες
1589 4710 2001 4802 ἦκριβῶκασι
2040 4715 2160 4801 τὴν
2200 4721 2540 4804 θεωρίαν,
2597 4737 2634 4781 ο

724 4844 860 4888 των
900 4828 1072 4902 θέας
1113 4825 1483 4912 διδαχθείη.
