4890 5969
2331 772 2379 853 9

707 1004 828 1070 dos
872 1021 1055 1085 esse,
1100 1001 1279 1086 quod
1318 1003 1532 1086 ipsum
1579 1001 1776 1064 variis
1819 999 2122 1065 sordibus
2148 1051 2167 1081 ,
2215 1001 2857 1085 interpolationibus,
2903 1001 3364 1065 omissionibus
3401 1002 3813 1084 inquinatum
3859 1003 3998 1065 fuit.

705 1116 942 1199 Itaque
985 1115 1300 1197 quoniam
1344 1132 1433 1178 ne
1475 1113 1854 1177 melioribus
1897 1112 2163 1196 quidem
2205 1112 2420 1194 libris,
2467 1133 2873 1198 quamquam
2918 1112 2995 1176 iis
3040 1118 3356 1195 tanquam
3405 1113 3831 1178 fundamento
3877 1114 3995 1176 niti

706 1227 908 1292 debet
929 1226 1251 1304 recensio,
1296 1242 1558 1287 summa
1587 1226 1813 1308 utique
1843 1224 2006 1288 fides
2042 1225 2352 1288 habenda
2378 1231 2496 1306 est,
2542 1226 2832 1289 dandum
2867 1222 3114 1308 aliquid
3143 1225 3408 1307 ingenio
3444 1225 3996 1313 coniecturaeque

708 1339 792 1403 ad
839 1339 1183 1421 pristinam
1246 1355 1517 1400 manum
1584 1338 1918 1419 scriptoris
1970 1337 2468 1403 restituendam.
2553 1337 2879 1420 Quocirca
2921 1343 2989 1400 et
3040 1336 3318 1400 aliorum
3348 1334 3437 1414 ¹¹)
3487 1340 3555 1399 et
3615 1354 3800 1399 meas
3842 1353 3995 1401 con-

708 1453 1001 1516 iecturas
1040 1467 1159 1533 pro
1209 1448 1509 1532 opusculi
1553 1451 1915 1530 exiguitate
1956 1466 2090 1513 non
2134 1467 2384 1531 paucas
2436 1452 2502 1511 in
2548 1454 2800 1513 textum
2846 1451 3097 1531 recepi,
3156 1448 3350 1511 modo
3395 1447 3479 1511 ad
3526 1448 3760 1511 Galeni
3804 1466 3994 1512 usum

705 1562 965 1627 dicendi
1025 1567 1092 1625 et
1165 1563 1638 1653 sententiarum
1696 1563 2025 1625 rationem
2089 1567 2312 1624 essent
2384 1562 2948 1625 accommodatae.
3036 1559 3314 1624 Codices
3373 1564 3594 1622 autem
3661 1562 3837 1643 ipsos
3905 1563 3996 1624 ita

707 1674 1009 1752 adhibui,
1084 1681 1154 1737 ut
1207 1673 1418 1757 primo
1483 1673 1630 1737 loco
1689 1690 2006 1755 ponerem
2052 1673 2131 1736 Ι)
2180 1681 2368 1755 (raro
2422 1671 2782 1737 admodum
2827 1672 2982 1757 U),
3046 1671 3252 1736 altero
3312 1671 3363 1734 P
3408 1678 3474 1735 et
3514 1671 3718 1750 Scal.‚
3804 1674 3993 1737 tertio

705 1786 975 1851 demum
1020 1784 1328 1848 Aldinam
1374 1790 1440 1849 et
1482 1784 1670 1850 codd.
1705 1785 2068 1849 Goulstoni.
2136 1784 2282 1847 Alia
2324 1786 2503 1849 unde
2543 1787 2863 1869 corruptis
2907 1785 3068 1849 locis
3115 1785 3334 1866 parari
3380 1785 3629 1866 possint
3671 1785 3985 1866 remedia,

706 1898 885 1962 velut
924 1899 1496 1980 interpretationes
1553 1898 1799 1962 latinae
1858 1899 2114 1980 graecis
2159 1898 2620 1980 manuscriptis
2676 1903 2790 1960 aut
2833 1897 3150 1981 aequales
3196 1902 3311 1958 aut
3354 1898 3789 1980 antiquiores,
3856 1914 3991 1961 non

706 2011 1139 2093 reperiuntur.
1227 2009 1399 2072 Nam
1446 2028 1663 2092 neque
1707 2012 2077 2090 versiones,
2122 2010 2299 2092 quod
2344 2008 2651 2088 equidem
2695 2012 2938 2087 sciam,
2994 2027 3082 2072 ex
3125 2006 3393 2071 arabico
3437 2009 3500 2070 in
3547 2007 3818 2070 latinum
3864 2009 3994 2073 sac·

704 2127 813 2186 tae
856 2126 1140 2202 exstant,
1186 2121 1418 2203 quales
1463 2122 1740 2185 aliorum
1787 2139 2063 2205 operum
2101 2121 2337 2185 Galeni
2381 2123 2447 2184 in
2496 2121 2639 2185 cod.
2685 2119 3044 2184 Dresdensi
3073 2121 3120 2202 ,(
3132 2120 3188 2183 D
3213 2118 3311 2186 92.
3355 2118 3470 2199 93)
3522 2124 3635 2183 aut
3675 2118 3995 2202 Pragensi

707 2232 1072 2318 (VIIIA1)
1120 2233 1395 2315 aliisque
1425 2233 1748 2315 leguntur,
1794 2252 1920 2297 nec
1959 2233 2272 2298 Nicolaus
2318 2234 2661 2316 Rheginus
2691 2232 3009 2312 Calaber,
3055 2234 3159 2295 cui
3204 2251 3245 2295 a
3286 2233 3578 2296 Roberto
3615 2232 3993 2308 Aniovensi,

702 2363 864 2428 rege
907 2345 1205 2423 Siciliae,
1252 2345 1634 2409 mandatum
1684 2354 1860 2426 erat,
1909 2353 1976 2408 ut
2022 2346 2253 2410 Galeni
2297 2364 2504 2429 opera
2548 2365 2588 2409 e
2632 2362 2873 2428 graeco
2923 2344 3181 2421 codice,
3242 2363 3437 2427 quem
3487 2346 3570 2407 ab
3615 2344 3991 2409 Andronico

707 2458 1107 2540 Palaeologo
1139 2463 1508 2540 acceperat,
1554 2459 1618 2519 in
1667 2457 1942 2520 latinum
1971 2460 2371 2534 transferret,
2417 2457 2708 2522 libellum
2755 2459 2956 2521 latine
2985 2457 3348 2520 reddidisse
3393 2456 3665 2537 videtur,
3713 2476 3838 2521 nec
3882 2457 3992 2520 alii

705 2575 926 2633 aetate
969 2571 1342 2653 superiores
1368 2617 1385 2645 ,
1430 2574 1499 2632 ut
1538 2570 1950 2652 Burgundio,
1995 2569 2193 2633 iudex
2252 2570 2362 2634 ille
2404 2570 2709 2652 Pisanus,
2755 2571 2867 2653 qui
2906 2575 3203 2634 extremo
3258 2587 3431 2633 saec.
3475 2567 3601 2631 XII
3648 2568 3991 2652 complura

704 2699 911 2765 opera
954 2682 1192 2745 Galeni
1249 2684 1317 2744 in
1374 2680 1645 2745 latinum
1706 2682 2050 2745 transtulit.
2136 2683 2392 2745 Primus
2437 2683 2641 2746 latine
2692 2684 3155 2764 interpretatus
3220 2686 3321 2744 est
3361 2681 3673 2744 Erasmus
3721 2681 3992 2745 Rotero-

703 2793 975 2873 damus,
1043 2795 1155 2876 qui
1201 2810 1376 2857 anno
1442 2799 1591 2876 post
1636 2794 1944 2857 Aldinam
2011 2795 2257 2858 editam
2303 2794 2592 2858 libellum
2639 2794 3022 2877 publicavit,
3095 2795 3205 2875 qui
3263 2793 3632 2857 inscribitur
3680 2793 3756 2855 ‘G
3774 2793 3900 2856 ale
3921 2794 3985 2855 ni

702 2905 1223 2969 medicorum
1268 2907 1681 2989 principis
1734 2906 2213 2970 exhortatio
2272 2906 2367 2969 ad
2412 2907 2673 2970 bonas
2722 2907 2973 2970 arteis
3025 2907 3214 2987 (sic),
3277 2907 3780 2990 praesertim
3829 2923 3986 2968 me·

701 3018 1103 3094 dicinam,
1169 3018 1263 3082 de
1308 3021 1621 3102 optimo
1670 3020 2023 3084 docendi
2070 3037 2383 3101 genere
2423 3022 2502 3082 et
2552 3020 2876 3102 qualem
2923 3024 3310 3101 oporteat
3352 3036 3535 3082 esse
3579 3017 3988 3082 medicum

703 3130 780 3195 D.
825 3131 1173 3194 Erasmo
1216 3130 1613 3195 Roterod.
1674 3133 2152 3213 interprete.
2238 3130 2626 3194 Basileae
2680 3149 2792 3214 op.
2838 3130 3185 3195 Froben.
3232 3148 3510 3194 mense
3552 3131 3757 3193 Maio
3803 3148 3984 3194 ann.

706 3240 939 3307 1526:
1023 3241 1172 3305 Alia
1215 3248 1362 3325 post
1388 3243 1741 3306 Erasmum
1785 3243 2250 3326 interpretatio
2278 3243 2556 3306 debetur
2599 3241 2668 3305 L.
2697 3241 3067 3322 BellisariO,
3116 3242 3371 3307 medico
3398 3242 3766 3322 Mutinensi,
3810 3260 3987 3324 quae

702 3353 859 3417 inde
904 3355 987 3418 ab
1035 3374 1098 3418 a.
1149 3355 1313 3421 1540
1356 3355 1424 3419 in
1478 3356 1804 3419 editiones
1868 3353 2106 3417 latinas
2145 3354 2449 3418 Juntinas
2510 3362 2577 3418 et
2617 3355 3028 3419 Basileenses
3085 3361 3356 3437 recepta
3411 3357 3535 3432 est3
3606 3352 3986 3418 Charterius

700 3483 947 3530 novam
989 3469 1184 3546 fecit,
1228 3485 1401 3550 quae
1443 3468 1508 3529 in
1556 3467 1840 3531 Kuehnii
1884 3467 2236 3531 editionem
2282 3466 2470 3530 fluxit
2497 3467 2599 3546 ¹²).

917 3707 1016 3774 11)
1060 3705 1289 3761 Praeter
1329 3720 1455 3772 eos,
1503 3720 1646 3774 quos
1694 3719 1868 3775 supra
1901 3706 2333 3770 nominavimus,
2389 3705 2910 3762 commemoratione
2945 3705 3304 3775 dignissimus
3341 3710 3428 3761 est
3460 3704 3500 3760 J
3510 3718 3592 3759 an
3610 3720 3682 3759 us
3720 3704 3945 3760 Oorna
3963 3735 3984 3746 ·

701 3804 875 3871 rius,
926 3806 1023 3875 qui
1070 3822 1118 3862 s.
1156 3806 1289 3862 XVI
1347 3805 1609 3862 editionis
1644 3804 1891 3862 Aldinae
1941 3807 2241 3875 exemplari
2299 3822 2429 3872 suo,
2469 3787 2641 3876 'quod
2690 3822 2837 3861 nunc
2886 3806 2942 3859 in
2989 3804 3331 3862 bibliotheca
3377 3805 3609 3861 Jenensi
3646 3816 3983 3873 asservatur,

708 3905 1127 3963 emendationes
1164 3908 1223 3961 in
1260 3907 1507 3977 margine
1544 3906 1769 3963 adiecit.
1844 3905 1929 3962 ef.
1965 3907 2021 3963 J.
2061 3907 2389 3964 (lornarii
2425 3908 2878 3963 coniecturae
2914 3913 2984 3962 et
3021 3906 3546 3963 emendationes
3584 3907 3986 3964 Galenicae.

702 4006 802 4062 ed.
840 4007 1118 4063 Gruner.
1158 4007 1389 4063 Jenae
1432 4010 1619 4065 1789.
1668 4024 1763 4077 pp.
1804 4010 1871 4065 12
1906 4014 1964 4064 et
2004 4011 2089 4067 13.
2163 4008 2445 4064 Grunerus
2481 4015 2544 4063 ut
2582 4014 2705 4064 erat
2737 4009 2929 4063 mirum
2970 4007 3190 4078 quidem
3230 4015 3423 4077 caput,
3483 4007 3584 4064 sed
3624 4008 3825 4064 eximia
3862 4008 3985 4063 dili-

700 4108 908 4178 gentia,
945 4108 1296 4165 coniecturas
1333 4108 1584 4164 eor-narii
1631 4123 1700 4163 ex
1737 4108 1833 4164 illo
1871 4110 2172 4179 exemplari
2209 4110 2626 4167 accuratissime
2666 4109 2984 4178 exscripsit,
3034 4109 3185 4179 quod
3223 4109 3476 4179 equidem
3522 4109 3821 4166 collatione
3858 4126 3980 4166 cum

704 4206 955 4263 (lornarii
989 4208 1289 4277 exemplari
1327 4209 1455 4277 ipso
1495 4224 1532 4263 a
1566 4208 1902 4267 Jenensibus
1937 4225 2151 4267 summa
2185 4211 2521 4268 liberalitate
2557 4210 2690 4266 mihi
2728 4209 2903 4267 misso
2939 4210 3194 4267 instituta
3229 4210 3491 4281 cognovi.

916 4311 1013 4376 12)
1052 4309 1217 4365 Errat
1263 4310 1434 4380 igitur
1467 4310 1527 4365 J.
1564 4309 1800 4377 Caesar,
1860 4326 1983 4367 cum
2038 4311 2073 4367 1.
2130 4313 2166 4366 1.
2214 4318 2411 4381 putare
2467 4312 2689 4368 videtur
2733 4312 3046 4368 versionem
3101 4311 3330 4367 latinam
3350 4354 3366 4380 ,
3427 4325 3571 4382 quae
3625 4312 3682 4366 in
3736 4309 3986 4368 editione

702 4409 942 4466 Knehnii
977 4417 1091 4478 est,
1127 4411 1412 4482 antiquam
1448 4426 1575 4468 esse
1611 4410 1852 4481 ideoque
1889 4412 1962 4466 ad
2001 4413 2438 4470 emendationem
2478 4420 2664 4469 textus
2700 4411 2906 4470 valere.
