4890 5969
2290 755 2389 838 25

705 982 896 1060 latet,
938 986 1058 1048 καί
1097 1000 1136 1046 e
1175 981 1337 1046 sede
1380 1000 1503 1046 sua
1544 982 1803 1065 pulsum
1852 983 2214 1048 Articulum
2256 988 2412 1048 ante
2453 984 2754 1060 πολίταις
2799 983 2951 1047 oblit

705 1094 953 1162 Coralis
996 1095 1301 1176 restituit,
1346 1111 1462 1158 nos
1505 1098 1622 1158 καί
1658 1112 1777 1157 suo
1821 1094 1968 1159 loco
2016 1095 2434 1159 reddidimus.
2503 1095 2676 1159 Nam
2712 1096 2880 1159 haec
2923 1113 2951 1158 ε

703 1208 997 1272 medicus
1038 1208 1292 1270 futurus
1336 1212 1471 1285 est,
1516 1205 1728 1287 qualis
1770 1205 2205 1290 Hippocrates
2249 1208 2397 1285 fuit,
2461 1209 2514 1270 is
2561 1225 2690 1270 non
2736 1206 2948 1270 solum

711 1325 777 1384 et
816 1320 1216 1404 pauperibus
1262 1320 1470 1381 artem
1517 1316 1872 1380 salutarem
1921 1318 2286 1396 adhibebit,
2352 1319 2497 1382 sed
2541 1320 2824 1398 etiam,
2890 1322 2951 1380 ul

711 1431 864 1515 quid
913 1431 1236 1508 conferat,
1302 1428 1531 1493 relicta
1583 1430 1797 1512 patria
1858 1430 2094 1492 itinera
2136 1430 2497 1513 longinqua
2552 1430 2895 1512 suscipiet’.

716 1543 801 1608 ad
845 1544 1150 1606 virtutem
1181 1543 1629 1605 continentiae
1674 1558 1916 1603 novam
1964 1541 2162 1622 addit,
2209 1560 2383 1624 quae
2416 1542 2672 1605 medico
2713 1539 2951 1605 colend:

705 1654 958 1719 Eodem
989 1653 1188 1718 modo
1223 1654 1587 1717 sententiae
1632 1654 1801 1716 inter
1827 1670 1899 1716 se
1927 1654 2259 1736 excipiunt
2288 1675 2347 1736 p.
2381 1653 2472 1736 14,
2503 1654 2560 1717 1.
2593 1652 2653 1731 2,
2700 1653 2811 1715 ubi
2853 1671 2951 1716 sui

709 1785 752 1830 a
801 1767 1015 1829 verbis
1059 1759 1480 1849 ὑπερόψεται
1526 1770 1908 1848 persecutus
1952 1769 2082 1844 cst,
2127 1764 2306 1827 dicit:
2374 1761 2533 1829 ὥστ’
2583 1760 2660 1829 οὔ
2703 1763 2910 1847 μόνον

708 1886 846 1943 νεῒν
901 1915 941 1923 --
972 1925 994 1954 ,
1043 1873 1243 1940 ἀλλά
1290 1881 1427 1941 καὶ
1469 1874 1941 1960 φιλόπονον
1982 1871 2272 1958 ἐσχάτως
2316 1872 2659 1963 ὑπάρχειν.

1037 1982 1398 2068 Πόλυβόν
1437 2010 1522 2052 τε
1563 1992 1701 2052 καὶ
1743 1989 2044 2062 ἄλλους
2098 1983 2488 2073 μαθητάς]
2575 1987 2863 2069 Polybus
2923 2008 2951 2071 g

708 2103 1021 2186 plurium,
1077 2117 1252 2184 quae
1311 2101 1431 2163 sub
1475 2100 1888 2183 Hippocratis
1947 2102 2218 2163 nomine
2260 2102 2585 2181 feruntur,
2656 2102 2951 2185 scriptori

706 2212 747 2277 l.
790 2213 831 2278 l.
877 2218 917 2293 ἓ
962 2211 1074 2295 403
1121 2212 1205 2274 de
1248 2212 1389 2274 aliis
1437 2212 1765 2295 discipulis
1808 2213 1952 2276 vide
1995 2213 2281 2275 eundem
2331 2218 2364 2288 5
2409 2211 2509 2277 53.
2554 2212 2655 2276 54.

1036 2327 1313 2388 πᾶσαν
1356 2318 1770 2406 ἀλώμενος
1812 2317 2095 2408 ἐφέξει
2149 2324 2289 2407 τὴν
2320 2321 2696 2408 Ἑλλάδα]
2757 2323 2948 2407 Nequ

708 2433 1015 2502 ἀλᾶσθαι
1064 2433 1410 2498 adiunctus
1456 2454 1674 2518 neque
1721 2436 1989 2498 verbum
2049 2430 2276 2520 ἐφέξει
2331 2437 2649 2499 tentanda
2692 2437 2951 2498 fuerunt

705 2549 905 2632 Soph.
950 2547 1029 2614 Ο.
1074 2547 1147 2613 O.
1192 2546 1375 2613 1686:
1417 2552 1536 2631 γῆν
1577 2545 1615 2631 ἢ
1660 2545 1938 2612 πόντιον
1980 2546 2285 2612 κλυδῶνα
2329 2544 2694 2631 ἀλώμεναι,
2735 2549 2888 2610 Eur.
2934 2548 2951 2610 ]

709 2666 873 2727 σθαι
923 2665 1195 2746 μυρίους
1239 2658 1675 2736 πεπλωκότα,
1718 2659 1992 2723 Theocr.
2036 2657 2227 2740 XIII,
2273 2658 2385 2725 66:
2436 2656 2776 2743 ἀλώμενος
2821 2697 2887 2707 —-
2940 2685 2951 2723 ι

709 2776 819 2855 qui
862 2773 986 2837 loci
1043 2789 1449 2855 quamquam
1500 2779 1838 2854 poctarum
1897 2777 2076 2852 sunt,
2147 2778 2366 2835 tamen
2423 2773 2723 2854 apposite
2787 2771 2869 2834 ad
2931 2792 2951 2835 t

707 2885 1082 2960 laudantur,
1161 2885 1316 2967 quia
1371 2884 1748 2968 posterioris
1795 2883 2185 2948 Graecitatis
2243 2890 2343 2948 est
2400 2886 2599 2949 etiam
2662 2886 2727 2947 in
2788 2884 2951 2946 solut

705 2992 971 3079 ἐπέχειν
1014 3002 1234 3060 autem
1283 3013 1468 3060 more
1511 2999 1947 3079 posteriorum
1994 2997 2294 3061 absolute
2335 2999 2619 3080 positum
2664 3001 2795 3075 est,
2854 2998 2892 3059 i.
2941 3018 2951 3056 ι

705 3109 811 3173 vel
856 3109 973 3192 τὴν
1012 3106 1272 3191 γνώμην
1317 3107 1421 3171 vel
1464 3108 1581 3191 τὴν
1625 3105 1954 3172 διάνοιαν.
2020 3110 2095 3170 cf.
2140 3108 2298 3172 Lob.
2342 3109 2425 3172 ad
2474 3107 2821 3190 Phrynich.
2873 3128 2931 3189 p.

706 3240 886 3284 mum
931 3219 1230 3283 advertet
1271 3237 1360 3283 sc.
1409 3220 1493 3283 ad
1537 3238 1638 3299 ea,
1683 3225 1950 3303 propter
1994 3238 2170 3302 quae
2210 3222 2330 3284 iter
2372 3220 2769 3304 susceperit’.

1035 3326 1365 3418 γράψαι
1416 3354 1489 3395 τι
1539 3337 1726 3417 περὶ
1784 3331 2108 3415 φύσεως
2148 3327 2489 3416 χωρίων]
2560 3328 2753 3413 Quae
2796 3350 2951 3414 sequ

704 3448 856 3505 sunt
879 3460 965 3506 ex
994 3442 1409 3526 Hippocratis
1436 3444 1597 3508 libro
1632 3447 1786 3530 περὶ
1828 3440 2071 3531 ἀέρων,
2113 3440 2402 3520 ὑδάτων,
2442 3441 2695 3521 τόπων,
2741 3444 2825 3507 de
2850 3462 2951 3526 qu«

708 3555 852 3620 Gal.
897 3557 1038 3638 ipse
1081 3555 1176 3618 de
1217 3556 1390 3619 libr.
1435 3574 1708 3639 propr.
1754 3576 1805 3620 c.
1847 3554 1888 3622 6
1933 3560 2278 3620 memorat.
2368 3555 2464 3622 Cf.
2512 3558 2709 3619 etiam
2757 3555 2951 3622 Comr

706 3688 767 3750 p.
810 3669 923 3750 363
969 3668 1053 3731 de
1094 3666 1266 3733 Sect.
1310 3666 1554 3731 Introd.
1598 3667 1647 3747 I,
1694 3688 1753 3752 p.
1799 3667 1880 3735 69
1927 3668 2096 3732 med.

1035 3786 1171 3863 τῆς
1211 3778 1414 3866 πρὸς
1454 3776 1685 3865 ἥλιον
1744 3777 2200 3862 ἀνίσχοντα
2264 3784 2411 3845 καὶ
2468 3784 2601 3859 τῆς
2644 3780 2847 3865 πρὸς
2887 3779 2951 3844 δι

705 3886 780 3958 ἒν
818 3893 1014 3979 κοίλῳ
1064 3929 1137 3939 —-
1202 3888 1309 3975 ἐφ’
1365 3888 1630 3976 ὑψηλοῦ
1681 3892 2106 3971 (Genetivum
2165 3899 2343 3957 recte
2398 3893 2675 3956 restituit
2718 3890 2951 3957 Corace

704 4004 902 4068 med.
949 4004 1075 4068 vol.
1120 4002 1169 4083 I,
1212 4024 1270 4088 p.
1313 4004 1468 4084 225,
1515 4005 1587 4070 5:
1633 3998 1738 4088 ἐφ’
1784 3998 2050 4089 ὑψηλοῦ
2094 4026 2272 4079 τινος
2316 4002 2630 4092 ᾤκισται)
2675 4002 2723 4082 I,
2768 4008 2825 4067 4.
2866 4039 2949 4050 —-

708 4116 793 4181 de
838 4134 1156 4199 aquarum
1204 4117 1580 4180 diversitate
1641 4117 1835 4197 vique
1895 4125 2009 4180 aut
2050 4116 2296 4181 salubri
2351 4122 2466 4179 aut
2507 4117 2817 4200 pestifera
2857 4116 2933 4179 Η.

705 4229 937 4292 Athen.
980 4227 1065 4308 II,
1122 4248 1175 4292 c.
1219 4227 1359 4307 25).

1035 4336 1447 4424 ἀμελῆσαι
1510 4338 1597 4404 δὲ
1651 4344 1783 4405 καὶ
1836 4337 2036 4425 μηδ’]
2107 4340 2355 4405 Coralis
2408 4340 2667 4403 sustulit
2725 4343 2844 4403 καί
2882 4358 2951 4402 at

703 4453 903 4518 Part.
950 4453 1077 4518 vol.
1107 4451 1224 4534 111,
1268 4472 1330 4535 p.
1360 4452 1484 4519 337
1512 4461 1705 4517 extr.:
1749 4456 1861 4516 καὶ
1898 4453 2024 4540 γάρ
2052 4450 2138 4518 αὖ
2176 4456 2290 4517 καὶ
2311 4450 2542 4537 ὥσπερ
2586 4447 2951 4538 ἐκρέμαστο

704 4564 951 4651 ρόμενα
993 4570 1112 4631 τοῦ
1156 4562 1409 4649 ἥπατος
1449 4598 1530 4611 --
1590 4569 1728 4629 καὶ
1771 4560 1961 4630 οὐδὲ
2002 4563 2292 4649 βοήθεια
2345 4567 2575 4648 μέντοι
2615 4588 2713 4640 τις
2754 4560 2835 4649 ἦν
2876 4561 2951 4630 αἱ

701 4677 1149 4761 θαυμάσομεν
1206 4675 1326 4762 τὴν
1366 4674 1697 4764 πρόνοιαν
1759 4682 1877 4742 τοῦ
1923 4676 2323 4763 δημιουργοῦ
2365 4710 2449 4723 ——
2499 4676 2620 4752 τὰς
2684 4676 2808 4760 μὲν
2869 4674 2951 4762 ἀρ

700 4789 985 4871 πλέγμα,
1027 4790 1146 4866 τὰς
1185 4790 1437 4873 φλέβας
1477 4785 1538 4853 d‘
1583 4783 1687 4854 ἐπ’
1731 4787 1944 4874 ἄκραν
1984 4789 2103 4874 τὴν
2148 4788 2448 4876 κορυφὴν
2487 4793 2597 4873 τῆς
2652 4790 2941 4873 κεφαλῆς
