<?xml version="1.0" encoding="UTF-8"?>
<!DOCTYPE html PUBLIC "-//W3C//DTD XHTML 1.0 Transitional//EN"
    "http://www.w3.org/TR/xhtml1/DTD/xhtml1-transitional.dtd">
<html xmlns="http://www.w3.org/1999/xhtml" xml:lang="en" lang="en">
 <head>
  <title>
</title>
<meta http-equiv="Content-Type" content="text/html;charset=utf-8" />
  <meta name='ocr-system' content='tesseract 3.04.00' />
  <meta name='ocr-capabilities' content='ocr_page ocr_carea ocr_par ocr_line ocrx_word'/>
</head>
<body>
  <div class='ocr_page' id='page_1' title='image "./galenilibellumq00galegoog_0030.png"; bbox 0 0 4890 5969; ppageno 0'>
   <div class='ocr_carea' id='block_1_1' title="bbox 2558 703 2754 811">
    <p class='ocr_par' dir='ltr' id='par_1_1' title="bbox 2558 703 2754 811">
     <span class='ocr_line' id='line_1_1' title="bbox 2558 703 2754 811; baseline 0.005 -1"><span class='ocrx_word' id='word_1_1' title='bbox 2558 703 2754 811; x_wconf 78' lang='lat'>&#39;28</span> 
     </span>
    </p>
   </div>
   <div class='ocr_carea' id='block_1_2' title="bbox 1817 958 4335 1157">
    <p class='ocr_par' dir='ltr' id='par_1_2' title="bbox 1817 958 4335 1157">
     <span class='ocr_line' id='line_1_2' title="bbox 1838 958 4335 1046; baseline -0 -21"><span class='ocrx_word' id='word_1_2' title='bbox 1838 960 2244 1044; x_wconf 86' lang='lat' dir='ltr'>degendam,</span> <span class='ocrx_word' id='word_1_3' title='bbox 2305 959 2423 1023; x_wconf 87' lang='lat' dir='ltr'>sed</span> <span class='ocrx_word' id='word_1_4' title='bbox 2486 958 2760 1022; x_wconf 88' lang='lat' dir='ltr'>multum</span> <span class='ocrx_word' id='word_1_5' title='bbox 2820 978 3064 1043; x_wconf 87' lang='lat' dir='ltr'>operae</span> <span class='ocrx_word' id='word_1_6' title='bbox 3105 963 3483 1046; x_wconf 73' lang='lat' dir='ltr'>laborisque</span> <span class='ocrx_word' id='word_1_7' title='bbox 3539 965 3607 1026; x_wconf 93' lang='lat' dir='ltr'>in</span> <span class='ocrx_word' id='word_1_8' title='bbox 3649 961 4065 1046; x_wconf 76' lang='lat' dir='ltr'>philosophia</span> <span class='ocrx_word' id='word_1_9' title='bbox 4105 978 4335 1026; x_wconf 82' lang='lat' dir='ltr'>consu-</span> 
     </span>
     <span class='ocr_line' id='line_1_3' title="bbox 1817 1069 3963 1157; baseline 0.001 -22"><span class='ocrx_word' id='word_1_10' title='bbox 1817 1073 2050 1136; x_wconf 85' lang='lat' dir='ltr'>lemum</span> <span class='ocrx_word' id='word_1_11' title='bbox 2095 1089 2293 1155; x_wconf 87' lang='lat' dir='ltr'>posse</span> <span class='ocrx_word' id='word_1_12' title='bbox 2336 1071 2665 1135; x_wconf 89' lang='lat' dir='ltr'>medicum</span> <span class='ocrx_word' id='word_1_13' title='bbox 2712 1070 2795 1136; x_wconf 89' lang='lat' dir='ltr'>ad</span> <span class='ocrx_word' id='word_1_14' title='bbox 2838 1071 3251 1157; x_wconf 76' lang='lat' dir='ltr'><strong>Hippocratis</strong></span> <span class='ocrx_word' id='word_1_15' title='bbox 3294 1073 3558 1139; x_wconf 86' lang='lat' dir='ltr'>laudem</span> <span class='ocrx_word' id='word_1_16' title='bbox 3605 1069 3963 1157; x_wconf 80' lang='lat' dir='ltr'>adspirare.</span> 
     </span>
    </p>
   </div>
   <div class='ocr_carea' id='block_1_3' title="bbox 1817 1180 4337 1382">
    <p class='ocr_par' dir='ltr' id='par_1_3' title="bbox 1817 1180 4337 1382">
     <span class='ocr_line' id='line_1_4' title="bbox 1817 1180 4332 1271; baseline -0 -21.99"><span class='ocrx_word' id='word_1_17' title='bbox 1817 1206 1922 1271; x_wconf 69' lang='lat'>⁸9</span> <span class='ocrx_word' id='word_1_18' title='bbox 1991 1181 2324 1249; x_wconf 77' lang='grc' dir='ltr'><strong><em>κολοιὸν</em></strong></span> <span class='ocrx_word' id='word_1_19' title='bbox 2373 1180 2411 1266; x_wconf 76' lang='grc' dir='ltr'>ἢ</span> <span class='ocrx_word' id='word_1_20' title='bbox 2466 1180 2797 1269; x_wconf 69' lang='grc' dir='ltr'>κόρακα]</span> <span class='ocrx_word' id='word_1_21' title='bbox 2844 1184 3596 1269; x_wconf 80' lang='lat' dir='ltr'>cf.P1ut.M01-al.·.p</span> <span class='ocrx_word' id='word_1_22' title='bbox 3641 1184 3761 1251; x_wconf 84' lang='lat'>153</span> <span class='ocrx_word' id='word_1_23' title='bbox 3804 1185 3865 1247; x_wconf 93' lang='lat' dir='ltr'>D</span> <span class='ocrx_word' id='word_1_24' title='bbox 3914 1183 4022 1269; x_wconf 86' lang='grc' dir='ltr'>(Ι,</span> <span class='ocrx_word' id='word_1_25' title='bbox 4063 1185 4183 1250; x_wconf 87' lang='grc'>181</span> <span class='ocrx_word' id='word_1_26' title='bbox 4230 1183 4332 1248; x_wconf 74' lang='lat' dir='ltr'>ed.</span> 
     </span>
     <span class='ocr_line' id='line_1_5' title="bbox 1817 1290 4337 1382; baseline -0 -21"><span class='ocrx_word' id='word_1_27' title='bbox 1817 1293 1886 1372; x_wconf 84' lang='grc' dir='ltr'>ὸς</span> <span class='ocrx_word' id='word_1_28' title='bbox 1929 1293 1994 1360; x_wconf 76' lang='grc' dir='ltr'>εἴ</span> <span class='ocrx_word' id='word_1_29' title='bbox 2029 1293 2333 1379; x_wconf 79' lang='grc' dir='ltr'><strong><em>κοράκων</em></strong></span> <span class='ocrx_word' id='word_1_30' title='bbox 2374 1290 2636 1360; x_wconf 77' lang='grc' dir='ltr'><em>ἐπαΐειν</em></span> <span class='ocrx_word' id='word_1_31' title='bbox 2678 1298 2792 1359; x_wconf 69' lang='grc' dir='ltr'>καὶ</span> <span class='ocrx_word' id='word_1_32' title='bbox 2832 1296 3138 1375; x_wconf 77' lang='grc' dir='ltr'>κολοιῶν,</span> <span class='ocrx_word' id='word_1_33' title='bbox 3178 1302 3289 1382; x_wconf 79' lang='grc' dir='ltr'>τῆς</span> <span class='ocrx_word' id='word_1_34' title='bbox 3332 1296 3409 1362; x_wconf 79' lang='grc' dir='ltr'>δὲ</span> <span class='ocrx_word' id='word_1_35' title='bbox 3453 1302 3578 1363; x_wconf 80' lang='grc' dir='ltr'>σοῦ</span> <span class='ocrx_word' id='word_1_36' title='bbox 3622 1301 3846 1382; x_wconf 77' lang='grc' dir='ltr'><strong><em>φωνῆς</em></strong></span> <span class='ocrx_word' id='word_1_37' title='bbox 3888 1291 4011 1362; x_wconf 72' lang='grc' dir='ltr'>οὐκ</span> <span class='ocrx_word' id='word_1_38' title='bbox 4050 1292 4337 1380; x_wconf 71' lang='grc' dir='ltr'><strong><em>ἀκριβῶς</em></strong></span> 
     </span>
    </p>
   </div>
   <div class='ocr_carea' id='block_1_4' title="bbox 1817 1515 4494 2839">
    <p class='ocr_par' dir='ltr' id='par_1_4' title="bbox 1817 1515 4396 2617">
     <span class='ocr_line' id='line_1_6' title="bbox 1817 1515 4338 1607; baseline -0.001 -23"><span class='ocrx_word' id='word_1_39' title='bbox 1817 1522 1869 1584; x_wconf 57' lang='lat' dir='ltr'>*d</span> <span class='ocrx_word' id='word_1_40' title='bbox 1921 1542 2043 1594; x_wconf 79' lang='grc' dir='ltr'>τις</span> <span class='ocrx_word' id='word_1_41' title='bbox 2086 1515 2398 1605; x_wconf 80' lang='grc' dir='ltr'><strong><em>ἰατρός]</em></strong></span> <span class='ocrx_word' id='word_1_42' title='bbox 2458 1517 2714 1595; x_wconf 79' lang='grc' dir='ltr'><strong><em>δίκαιος</em></strong></span> <span class='ocrx_word' id='word_1_43' title='bbox 2776 1518 2853 1584; x_wconf 81' lang='grc' dir='ltr'>δέ</span> <span class='ocrx_word' id='word_1_44' title='bbox 2914 1543 3012 1595; x_wconf 81' lang='grc' dir='ltr'>τις</span> <span class='ocrx_word' id='word_1_45' title='bbox 3080 1523 3223 1584; x_wconf 88' lang='lat' dir='ltr'>sine</span> <span class='ocrx_word' id='word_1_46' title='bbox 3278 1517 3504 1607; x_wconf 76' lang='grc' dir='ltr'><strong><em>ἰατρός</em></strong></span> <span class='ocrx_word' id='word_1_47' title='bbox 3567 1519 3753 1584; x_wconf 79' lang='lat' dir='ltr'>codd.</span> <span class='ocrx_word' id='word_1_48' title='bbox 3809 1519 3956 1583; x_wconf 84' lang='lat' dir='ltr'>edd.</span> <span class='ocrx_word' id='word_1_49' title='bbox 4041 1519 4130 1580; x_wconf 81' lang='lat' dir='ltr'>At</span> <span class='ocrx_word' id='word_1_50' title='bbox 4169 1519 4338 1582; x_wconf 82' lang='lat' dir='ltr'>haec</span> 
     </span>
     <span class='ocr_line' id='line_1_7' title="bbox 1817 1630 4335 1715; baseline -0.002 -19"><span class='ocrx_word' id='word_1_51' title='bbox 1817 1650 1921 1696; x_wconf 88' lang='lat' dir='ltr'>rse</span> <span class='ocrx_word' id='word_1_52' title='bbox 1966 1631 2230 1713; x_wconf 85' lang='lat' dir='ltr'>dicitur,</span> <span class='ocrx_word' id='word_1_53' title='bbox 2284 1630 2400 1694; x_wconf 85' lang='lat' dir='ltr'>sed</span> <span class='ocrx_word' id='word_1_54' title='bbox 2445 1636 2698 1712; x_wconf 86' lang='lat' dir='ltr'>spectat</span> <span class='ocrx_word' id='word_1_55' title='bbox 2741 1631 2824 1695; x_wconf 89' lang='lat' dir='ltr'>ad</span> <span class='ocrx_word' id='word_1_56' title='bbox 2869 1632 3199 1696; x_wconf 88' lang='lat' dir='ltr'>medicum</span> <span class='ocrx_word' id='word_1_57' title='bbox 3243 1631 3488 1715; x_wconf 81' lang='lat' dir='ltr'>solum3</span> <span class='ocrx_word' id='word_1_58' title='bbox 3545 1650 3700 1695; x_wconf 83' lang='lat' dir='ltr'>narn</span> <span class='ocrx_word' id='word_1_59' title='bbox 3745 1632 3797 1694; x_wconf 90' lang='lat' dir='ltr'>si</span> <span class='ocrx_word' id='word_1_60' title='bbox 3841 1631 4221 1713; x_wconf 79' lang='lat' dir='ltr'>quisquam,</span> <span class='ocrx_word' id='word_1_61' title='bbox 4279 1631 4335 1692; x_wconf 91' lang='lat' dir='ltr'>is</span> 
     </span>
     <span class='ocr_line' id='line_1_8' title="bbox 1817 1743 4337 1829; baseline 0 -23"><span class='ocrx_word' id='word_1_62' title='bbox 1817 1744 1958 1808; x_wconf 85' lang='lat' dir='ltr'>udio</span> <span class='ocrx_word' id='word_1_63' title='bbox 2007 1743 2346 1827; x_wconf 86' lang='lat' dir='ltr'>multaque</span> <span class='ocrx_word' id='word_1_64' title='bbox 2387 1743 2861 1806; x_wconf 77' lang='lat' dir='ltr'>exercitatione</span> <span class='ocrx_word' id='word_1_65' title='bbox 2918 1743 3212 1808; x_wconf 86' lang='lat' dir='ltr'>adhibita</span> <span class='ocrx_word' id='word_1_66' title='bbox 3267 1761 3395 1807; x_wconf 88' lang='lat' dir='ltr'>nec</span> <span class='ocrx_word' id='word_1_67' title='bbox 3438 1744 3798 1808; x_wconf 78' lang='lat' dir='ltr'>honestatis</span> <span class='ocrx_word' id='word_1_68' title='bbox 3843 1744 4165 1829; x_wconf 79' lang='lat' dir='ltr'>particeps</span> <span class='ocrx_word' id='word_1_69' title='bbox 4210 1759 4337 1806; x_wconf 89' lang='lat' dir='ltr'>nec</span> 
     </span>
     <span class='ocr_line' id='line_1_9' title="bbox 1817 1856 4335 1939; baseline 0.001 -22"><span class='ocrx_word' id='word_1_70' title='bbox 1817 1856 2039 1919; x_wconf 68' lang='lat' dir='ltr'>ttrandi</span> <span class='ocrx_word' id='word_1_71' title='bbox 2096 1874 2223 1919; x_wconf 90' lang='lat' dir='ltr'>nec</span> <span class='ocrx_word' id='word_1_72' title='bbox 2265 1857 2522 1939; x_wconf 89' lang='lat' dir='ltr'>penitus</span> <span class='ocrx_word' id='word_1_73' title='bbox 2580 1872 2985 1936; x_wconf 83' lang='lat' dir='ltr'>cognoscere</span> <span class='ocrx_word' id='word_1_74' title='bbox 3027 1861 3335 1919; x_wconf 87' lang='lat' dir='ltr'>naturam</span> <span class='ocrx_word' id='word_1_75' title='bbox 3378 1874 3598 1919; x_wconf 87' lang='lat' dir='ltr'>rerum</span> <span class='ocrx_word' id='word_1_76' title='bbox 3642 1856 4057 1938; x_wconf 87' lang='lat' dir='ltr'>hominisque</span> <span class='ocrx_word' id='word_1_77' title='bbox 4101 1856 4335 1936; x_wconf 81' lang='lat' dir='ltr'>potest.</span> 
     </span>
     <span class='ocr_line' id='line_1_10' title="bbox 1817 1964 4336 2049; baseline -0.001 -19"><span class='ocrx_word' id='word_1_78' title='bbox 1817 1968 1872 2030; x_wconf 78' lang='lat' dir='ltr'>it</span> <span class='ocrx_word' id='word_1_79' title='bbox 1928 1986 2015 2032; x_wconf 84' lang='lat' dir='ltr'>ex</span> <span class='ocrx_word' id='word_1_80' title='bbox 2058 1967 2156 2030; x_wconf 88' lang='lat' dir='ltr'>his</span> <span class='ocrx_word' id='word_1_81' title='bbox 2201 1967 2565 2045; x_wconf 86' lang='lat' dir='ltr'>conclusio,</span> <span class='ocrx_word' id='word_1_82' title='bbox 2633 1967 2717 2030; x_wconf 87' lang='lat' dir='ltr'>ad</span> <span class='ocrx_word' id='word_1_83' title='bbox 2769 1967 3100 2031; x_wconf 79' lang='lat' dir='ltr'>nerninem</span> <span class='ocrx_word' id='word_1_84' title='bbox 3157 1967 3282 2031; x_wconf 88' lang='lat' dir='ltr'>nisi</span> <span class='ocrx_word' id='word_1_85' title='bbox 3336 1967 3662 2031; x_wconf 87' lang='lat' dir='ltr'>medicum</span> <span class='ocrx_word' id='word_1_86' title='bbox 3696 1967 4019 2049; x_wconf 64' lang='lat' dir='ltr'>pertinet.</span> <span class='ocrx_word' id='word_1_87' title='bbox 4102 1964 4336 2048; x_wconf 85' lang='lat' dir='ltr'>Itaque</span> 
     </span>
     <span class='ocr_line' id='line_1_11' title="bbox 1817 2073 4336 2164; baseline -0.001 -21"><span class='ocrx_word' id='word_1_88' title='bbox 1817 2080 2137 2144; x_wconf 82' lang='lat' dir='ltr'>excidisse</span> <span class='ocrx_word' id='word_1_89' title='bbox 2182 2078 2573 2142; x_wconf 84' lang='lat' dir='ltr'>vocabulum</span> <span class='ocrx_word' id='word_1_90' title='bbox 2619 2075 2900 2164; x_wconf 79' lang='grc' dir='ltr'><strong><em>ἰατρός</em></strong></span> <span class='ocrx_word' id='word_1_91' title='bbox 2946 2079 3243 2143; x_wconf 84' lang='lat' dir='ltr'>arbitror.</span> <span class='ocrx_word' id='word_1_92' title='bbox 3328 2078 3401 2142; x_wconf 93' lang='lat' dir='ltr'>In</span> <span class='ocrx_word' id='word_1_93' title='bbox 3438 2097 3567 2162; x_wconf 93' lang='lat' dir='ltr'>quo</span> <span class='ocrx_word' id='word_1_94' title='bbox 3613 2097 3700 2142; x_wconf 88' lang='lat' dir='ltr'>ne</span> <span class='ocrx_word' id='word_1_95' title='bbox 3743 2080 3888 2161; x_wconf 87' lang='lat' dir='ltr'>quis</span> <span class='ocrx_word' id='word_1_96' title='bbox 3932 2096 4050 2160; x_wconf 89' lang='lat' dir='ltr'>pro</span> <span class='ocrx_word' id='word_1_97' title='bbox 4091 2075 4134 2161; x_wconf 73' lang='grc' dir='ltr'><em>ἢ</em></span> <span class='ocrx_word' id='word_1_98' title='bbox 4171 2110 4255 2122; x_wconf 92' lang='lat'>—-</span> <span class='ocrx_word' id='word_1_99' title='bbox 4295 2073 4336 2160; x_wconf 80' lang='grc' dir='ltr'><em>ἤ</em></span> 
     </span>
     <span class='ocr_line' id='line_1_12' title="bbox 1817 2189 4333 2275; baseline -0.002 -22"><span class='ocrx_word' id='word_1_100' title='bbox 1817 2198 2147 2275; x_wconf 84' lang='lat' dir='ltr'>xspectet,</span> <span class='ocrx_word' id='word_1_101' title='bbox 2194 2192 2269 2255; x_wconf 90' lang='lat' dir='ltr'>G.</span> <span class='ocrx_word' id='word_1_102' title='bbox 2301 2192 2569 2253; x_wconf 82' lang='lat' dir='ltr'>virtutes</span> <span class='ocrx_word' id='word_1_103' title='bbox 2614 2192 2858 2272; x_wconf 87' lang='lat' dir='ltr'>ingenii</span> <span class='ocrx_word' id='word_1_104' title='bbox 2900 2192 3266 2274; x_wconf 79' lang='lat' dir='ltr'>animique,</span> <span class='ocrx_word' id='word_1_105' title='bbox 3310 2192 3393 2255; x_wconf 90' lang='lat' dir='ltr'>de</span> <span class='ocrx_word' id='word_1_106' title='bbox 3439 2191 3674 2274; x_wconf 88' lang='lat' dir='ltr'>quibus</span> <span class='ocrx_word' id='word_1_107' title='bbox 3720 2193 3921 2253; x_wconf 88' lang='lat' dir='ltr'>antea</span> <span class='ocrx_word' id='word_1_108' title='bbox 3965 2189 4333 2272; x_wconf 84' lang='lat' dir='ltr'>disputavit,</span> 
     </span>
     <span class='ocr_line' id='line_1_13' title="bbox 1817 2301 4333 2385; baseline -0.001 -20"><span class='ocrx_word' id='word_1_109' title='bbox 1817 2322 2131 2367; x_wconf 9' lang='lat' dir='ltr'>rumerare</span> <span class='ocrx_word' id='word_1_110' title='bbox 2177 2303 2313 2366; x_wconf 87' lang='lat' dir='ltr'>vult</span> <span class='ocrx_word' id='word_1_111' title='bbox 2355 2320 2436 2366; x_wconf 91' lang='lat' dir='ltr'>eo</span> <span class='ocrx_word' id='word_1_112' title='bbox 2470 2303 2762 2385; x_wconf 85' lang='lat' dir='ltr'>consilio,</span> <span class='ocrx_word' id='word_1_113' title='bbox 2807 2310 2878 2366; x_wconf 87' lang='lat' dir='ltr'>ut</span> <span class='ocrx_word' id='word_1_114' title='bbox 2913 2303 3021 2368; x_wconf 83' lang='lat' dir='ltr'>vel</span> <span class='ocrx_word' id='word_1_115' title='bbox 3067 2305 3152 2367; x_wconf 86' lang='lat' dir='ltr'>ad</span> <span class='ocrx_word' id='word_1_116' title='bbox 3196 2303 3488 2385; x_wconf 85' lang='lat' dir='ltr'>singulas</span> <span class='ocrx_word' id='word_1_117' title='bbox 3533 2301 4034 2384; x_wconf 89' lang='lat' dir='ltr'>consequendas</span> <span class='ocrx_word' id='word_1_118' title='bbox 4077 2317 4333 2364; x_wconf 87' lang='lat' dir='ltr'>summo</span> 
     </span>
     <span class='ocr_line' id='line_1_14' title="bbox 1817 2413 4396 2499; baseline -0.002 -20"><span class='ocrx_word' id='word_1_119' title='bbox 1817 2418 2030 2480; x_wconf 61' lang='lat' dir='ltr'>{witer</span> <span class='ocrx_word' id='word_1_120' title='bbox 2074 2421 2361 2480; x_wconf 85' lang='lat' dir='ltr'>moneat.</span> <span class='ocrx_word' id='word_1_121' title='bbox 2448 2414 2616 2480; x_wconf 83' lang='lat' dir='ltr'>Cum</span> <span class='ocrx_word' id='word_1_122' title='bbox 2661 2417 2985 2480; x_wconf 85' lang='lat' dir='ltr'>sententia</span> <span class='ocrx_word' id='word_1_123' title='bbox 3029 2417 3395 2498; x_wconf 87' lang='lat' dir='ltr'>comparari</span> <span class='ocrx_word' id='word_1_124' title='bbox 3443 2419 3658 2499; x_wconf 87' lang='lat' dir='ltr'>potest</span> <span class='ocrx_word' id='word_1_125' title='bbox 3700 2416 3917 2493; x_wconf 90' lang='lat' dir='ltr'>locus,</span> <span class='ocrx_word' id='word_1_126' title='bbox 3973 2414 4082 2496; x_wconf 91' lang='lat' dir='ltr'>qui</span> <span class='ocrx_word' id='word_1_127' title='bbox 4127 2418 4228 2476; x_wconf 85' lang='lat' dir='ltr'>est</span> <span class='ocrx_word' id='word_1_128' title='bbox 4268 2413 4334 2475; x_wconf 90' lang='lat' dir='ltr'>in</span> <span class='ocrx_word' id='word_1_129' title='bbox 4391 2489 4396 2495; x_wconf 22' lang='grc'>1</span> 
     </span>
     <span class='ocr_line' id='line_1_15' title="bbox 1817 2522 4333 2617; baseline 0 -31"><span class='ocrx_word' id='word_1_130' title='bbox 1817 2553 1838 2586; x_wconf 71' lang='grc' dir='ltr'><em>ν</em></span> <span class='ocrx_word' id='word_1_131' title='bbox 1889 2533 1979 2617; x_wconf 78' lang='grc' dir='ltr'>τῇ·</span> <span class='ocrx_word' id='word_1_132' title='bbox 2035 2531 2256 2617; x_wconf 85' lang='grc' dir='ltr'><strong><em>ψυχῇ</em></strong></span> <span class='ocrx_word' id='word_1_133' title='bbox 2302 2531 2597 2593; x_wconf 75' lang='grc' dir='ltr'><em>παθῶν</em></span> <span class='ocrx_word' id='word_1_134' title='bbox 2652 2528 2778 2591; x_wconf 73' lang='lat' dir='ltr'>vol.</span> <span class='ocrx_word' id='word_1_135' title='bbox 2828 2528 2915 2606; x_wconf 88' lang='lat' dir='ltr'>V,</span> <span class='ocrx_word' id='word_1_136' title='bbox 2958 2528 3038 2593; x_wconf 87' lang='lat'>21</span> <span class='ocrx_word' id='word_1_137' title='bbox 3101 2536 3197 2611; x_wconf 85' lang='lat' dir='ltr'>(p.</span> <span class='ocrx_word' id='word_1_138' title='bbox 3240 2527 3323 2594; x_wconf 85' lang='lat'>36</span> <span class='ocrx_word' id='word_1_139' title='bbox 3380 2527 3482 2590; x_wconf 80' lang='lat' dir='ltr'>ed.</span> <span class='ocrx_word' id='word_1_140' title='bbox 3530 2527 3794 2610; x_wconf 75' lang='lat' dir='ltr'>Marq.):</span> <span class='ocrx_word' id='word_1_141' title='bbox 3865 2523 4147 2611; x_wconf 77' lang='grc' dir='ltr'><strong><em>αἰσχρὸν</em></strong></span> <span class='ocrx_word' id='word_1_142' title='bbox 4188 2522 4333 2607; x_wconf 77' lang='grc' dir='ltr'><em>γάρ,</em></span> 
     </span>
    </p>

    <p class='ocr_par' dir='ltr' id='par_1_5' title="bbox 1817 2632 4494 2839">
     <span class='ocr_line' id='line_1_16' title="bbox 1817 2632 4494 2727; baseline -0.001 -23"><span class='ocrx_word' id='word_1_143' title='bbox 1817 2640 1823 2694; x_wconf 58' lang='lat' dir='ltr'>*r</span> <span class='ocrx_word' id='word_1_144' title='bbox 1864 2639 2310 2727; x_wconf 72' lang='grc' dir='ltr'><strong><em>γραμματικὸς</em></strong></span> <span class='ocrx_word' id='word_1_145' title='bbox 2351 2637 2387 2724; x_wconf 77' lang='grc' dir='ltr'><strong><em>ἢ</em></strong></span> <span class='ocrx_word' id='word_1_146' title='bbox 2431 2634 2643 2726; x_wconf 74' lang='grc' dir='ltr'><strong><em>ῥήτωρ</em></strong></span> <span class='ocrx_word' id='word_1_147' title='bbox 2700 2637 2738 2724; x_wconf 77' lang='grc' dir='ltr'>ἢ</span> <span class='ocrx_word' id='word_1_148' title='bbox 2780 2643 3142 2726; x_wconf 76' lang='grc' dir='ltr'><strong><em>γεωμέτρης</em></strong></span> <span class='ocrx_word' id='word_1_149' title='bbox 3195 2643 3485 2723; x_wconf 77' lang='grc' dir='ltr'><strong><em>γένηται,</em></strong></span> <span class='ocrx_word' id='word_1_150' title='bbox 3523 2641 3795 2715; x_wconf 80' lang='grc' dir='ltr'><strong><em>πολλοῖς</em></strong></span> <span class='ocrx_word' id='word_1_151' title='bbox 3837 2635 4058 2704; x_wconf 77' lang='grc' dir='ltr'><strong><em>ἔτεσιν</em></strong></span> <span class='ocrx_word' id='word_1_152' title='bbox 4098 2632 4335 2721; x_wconf 75' lang='grc' dir='ltr'><strong><em>ἐφεξῆς</em></strong></span> <span class='ocrx_word' id='word_1_153' title='bbox 4451 2647 4494 2700; x_wconf 56' lang='lat' dir='ltr'>k</span> 
     </span>
     <span class='ocr_line' id='line_1_17' title="bbox 1817 2746 4181 2839; baseline -0.002 -22"><span class='ocrx_word' id='word_1_154' title='bbox 1817 2776 2014 2839; x_wconf 65' lang='grc' dir='ltr'><strong><em>ρωπος</em></strong></span> <span class='ocrx_word' id='word_1_155' title='bbox 2055 2749 2314 2835; x_wconf 69' lang='grc' dir='ltr'><strong><em>ἀγαθός</em></strong></span> <span class='ocrx_word' id='word_1_156' title='bbox 2326 2801 2349 2831; x_wconf 88' lang='grc'><strong><em>,</em></strong></span> <span class='ocrx_word' id='word_1_157' title='bbox 2390 2747 2715 2837; x_wconf 74' lang='grc' dir='ltr'><strong><em>μηδέποθ’</em></strong></span> <span class='ocrx_word' id='word_1_158' title='bbox 2762 2746 3045 2818; x_wconf 73' lang='grc' dir='ltr'><strong><em>ἑλέσθαι</em></strong></span> <span class='ocrx_word' id='word_1_159' title='bbox 3085 2755 3176 2839; x_wconf 74' lang='grc' dir='ltr'>τῷ</span> <span class='ocrx_word' id='word_1_160' title='bbox 3216 2750 3404 2836; x_wconf 77' lang='grc' dir='ltr'><strong><em>μήκει</em></strong></span> <span class='ocrx_word' id='word_1_161' title='bbox 3444 2757 3562 2817; x_wconf 79' lang='grc' dir='ltr'>τοῦ</span> <span class='ocrx_word' id='word_1_162' title='bbox 3603 2750 3845 2838; x_wconf 81' lang='grc' dir='ltr'><strong><em>χρόνον</em></strong></span> <span class='ocrx_word' id='word_1_163' title='bbox 3888 2749 4181 2834; x_wconf 69' lang='grc' dir='ltr'>κάμνειν.</span> 
     </span>
    </p>
   </div>
  </div>
 </body>
</html>
