4890 5969
2516 778 2615 859 22

2313 1063 2316 1071 .
2365 1008 2619 1073 illatum
2675 1028 2717 1072 a
2758 1009 3024 1077 librario
3079 1011 3421 1094 archetypi
3478 1011 3679 1072 fuisse
3742 1012 3999 1075 videtur
4060 1029 4204 1094 pro-

2313 1127 2445 1184 miv.

2313 1230 2397 1315 ἢν
2461 1230 2534 1296 οἱ
2594 1238 2738 1297 νῦν
2780 1258 2834 1297 κ.
2881 1259 2939 1304 τ.
2981 1237 3074 1314 λ.]
3151 1233 3317 1300 Cum
3377 1234 3692 1299 hocloco
3754 1253 3838 1299 ea
3904 1235 4205 1299 conferre

2320 1344 2497 1406 ribus
2543 1347 2778 1407 aetatis
2824 1364 2989 1410 suae
3035 1347 3353 1429 corruptis
3409 1348 3705 1429 queritur
3746 1349 3810 1409 in
3857 1346 4204 1410 Method.

2313 1459 2413 1520 στὶ
2466 1453 2542 1520 τὸ
2587 1456 3010 1522 κινδυνεῦσαι
3065 1457 3273 1541 μάτην
3323 1461 3587 1543 γράψαι
3628 1456 3991 1542 μηδενὸς
4044 1461 4207 1521 τῶν

2319 1568 2671 1651 λήθειαν
2726 1568 3380 1646 σπουδάζοντος,
3442 1566 3649 1634 ἀλλὰ
3704 1565 4076 1656 χρήματά
4120 1588 4207 1631 τε

2313 1678 2695 1762 ’τλήστους
2736 1676 3067 1763 ἡδονῶν
3110 1678 3632 1755 ἀπολαύσεις
3675 1676 4208 1765 ἐζηλωκότων

2313 1792 2668 1873 ομίζειν,
2737 1792 2821 1857 εἴ
2874 1817 2996 1869 τις
3061 1793 3220 1879 ἄρα
3290 1797 3423 1857 καὶ
3496 1796 3820 1872 γένοιτο
3890 1796 4208 1876 σοφίαν

2313 1928 2343 1985 ρ
2386 1903 2505 1987 τὴν
2548 1903 2812 1991 πρώτην
2853 1909 2965 1969 καὶ
3006 1905 3211 1979 ὅντως
3256 1910 3542 1989 σοφίαν,
3586 1900 3954 1988 ἐπιστήμην
3998 1899 4209 1968 οὖσαν

2313 2039 2411 2091 ον,
2480 2012 2623 2080 οὐδ’
2667 2013 2840 2080 εἶναι
2885 2017 3226 2098 νομίζουσι
3279 2017 3354 2081 τὸ
3400 2016 3748 2102 παράπαν·
3793 2013 4089 2101 ἰατρικὴν
4131 2013 4209 2079 δὲ

2313 2126 2566 2211 ιητικὴν
2632 2150 2705 2191 τε
2747 2132 2859 2192 καὶ
2912 2127 3238 2213 μουσικὴν
3279 2125 3555 2204 ἁπάσας
3600 2150 3673 2192 τε
3735 2128 3855 2203 τὰς
3895 2126 4209 2202 τοιαύτας

2313 2236 2336 2304 ὗ
2381 2239 2510 2323 μὴν
2552 2235 2671 2303 ἐπί
2705 2262 2780 2320 γε
2820 2239 2896 2304 τὸ
2939 2241 3126 2315 τέλος
3167 2237 3388 2305 αὐτῶν
3433 2238 3605 2306 ἰέναι
3647 2239 4049 2305 δικαιοῦσιν.
4115 2239 4208 2302 Si-

2313 2350 2492 2430 xlv,
2536 2372 2595 2433 p.
2642 2350 2765 2418 600
2808 2338 3128 2434 queritur,
3175 2354 3348 2434 quod
3395 2352 3660 2437 ’κοινὴ
3704 2358 3864 2417 τῶν
3905 2356 4209 2433 τεχνῶν

2334 2468 2454 2528 νῦν
2493 2465 2677 2544 βίον’.

2313 2580 2807 2656 -γενονέναι
2850 2580 2986 2639 καὶ
3046 2576 3194 2650 τὰς
3242 2578 3531 2658 τέχνας
3587 2600 3645 2640 κ.
3688 2599 3743 2638 τ.
3789 2577 3881 2654 λ.]
3973 2575 4043 2638 Si
4096 2577 4209 2638 Ar-

2362 2688 2507 2750 edd.
2558 2689 2809 2769 legitur,
2857 2695 3036 2750 recte
3081 2706 3155 2751 se
3198 2688 3493 2769 haberet,
3539 2689 3616 2751 G.
3663 2689 3794 2752 duo
3841 2687 4209 2766 commoda,

2313 2819 2342 2862 s
2390 2806 2730 2882 praestare
2773 2802 2893 2879 ait,
2960 2819 3193 2879 unum,
3264 2802 3437 2883 quod
3483 2807 3631 2883 post
3694 2800 3835 2863 illos
3884 2801 4016 2861 nati
4060 2801 4209 2879 siut,

2313 2930 2374 2975 as
2440 2915 2850 2995 acceperint,
2920 2931 3121 2974 unum
3183 2913 3265 2975 ab
3324 2913 3526 2975 altero
3561 2931 3703 3000 ⁸per
3748 2914 4094 2995 repetitum
4137 2909 4214 2976 τό

2313 3024 2497 3087 ἐΙΙει.
2587 3028 2672 3087 At
2714 3027 3082 3087 sententiae
3129 3027 3294 3087 ratio
3342 3026 3663 3107 postulat,
3718 3031 3789 3086 ut
3833 3025 4001 3088 haec
4044 3043 4215 3087 eom-

2339 3138 2823 3218 coniungantur
2866 3142 3065 3219 atque
3109 3137 3194 3199 ad
3238 3137 3539 3217 alterum,
3589 3138 3649 3198 in
3698 3152 3827 3219 quo
3873 3137 4075 3201 cardo
4121 3139 4215 3200 rei

2313 3249 2609 3313 πλεῖστον
2653 3251 3073 3333 προηγμένας
3119 3250 3376 3311 animus
3423 3250 3832 3331 potissimum
3879 3249 4215 3331 dirigatur,

2313 3364 2459 3446 Ξρυις
2488 3397 2554 3408 -
2584 3358 2895 3441 γεγονόσι
2936 3359 3055 3435 τὰς
3096 3363 3329 3441 τέχνας
3363 3402 3428 3411 -
3452 3359 4026 3445 παραλαμβάνειν.
4089 3358 4214 3422 Ita-

2313 3492 2375 3536 1e
2420 3473 2935 3555 expungendum
2985 3473 3253 3536 videtur.
3341 3473 3682 3537 Sententia
3726 3479 3977 3552 autem,
4018 3490 4217 3556 quam

2313 3585 2376 3648 4:
2442 3589 2555 3650 καὶ
2607 3581 2787 3668 ἡμεῖς
2846 3580 3306 3668 εὐτυχέστεροι
3364 3583 3534 3649 κατὰ
3579 3590 3905 3649 τοσοῦτον
3948 3578 4220 3649 ἐκείνων

2313 3721 2342 3784 p
2398 3696 2563 3780 μετὰ
2608 3691 2921 3778 καμάτων
2983 3718 3057 3761 τε
3098 3700 3210 3760 καὶ
3252 3696 3630 3780 φροντίδων
3672 3692 4039 3781 εὑρεθέντα
4084 3700 4222 3771 τοῖς

2313 3809 2533 3896 ῑρόνῳ.

2313 3946 2344 3984 ν
2378 3918 2750 4007 εἴρεσιν]
2778 3921 3155 4003 Hippoer.
3185 3920 3282 3983 de
3322 3931 3617 3983 vetere
3643 3921 3839 3983 Med.
3864 3940 3918 3983 e.
3943 3918 4219 3993 2(vol.1

2313 4035 2402 4097 iat
2444 4024 2731 4119 ὑπάρχει
2743 4081 2766 4110 ,
2827 4035 2939 4096 καὶ
2982 4027 3147 4116 ἀρχὴ
3191 4034 3304 4095 καὶ
3338 4028 3496 4107 ὁδὸς
3537 4028 3857 4119 εὑρημένη
3876 4080 3899 4109 ,
3944 4028 4098 4096 καθ’
4142 4029 4223 4115 ἣν

2313 4152 2395 4220 ῶς
2450 4141 2693 4226 ἔχοντα
2753 4144 3022 4231 εὓρηται
3066 4139 3140 4209 ἐν
3182 4145 3406 4231 πολλῷ
3468 4144 3684 4232 χρόνῳ
3738 4149 3850 4210 καὶ
3890 4143 3974 4208 τὰ
4016 4143 4220 4209 λοιπά

2313 4261 2382 4321 αἱ
2422 4257 2505 4320 τὰ
2551 4253 2879 4344 εὑρημένα
2924 4253 3117 4331 εἰδώς
3160 4251 3232 4321 ἐκ
3274 4260 3564 4321 τουτέων
3602 4253 3985 4342 ὁρμώμενος
4015 4257 4221 4343 ζητέῃ.

2313 4392 2471 4433 πων
2515 4366 2836 4446 ἕνεκεν,
2906 4364 3112 4433 ἀλλὰ
3155 4371 3774 4455 χρηματισμοῦ]
3849 4369 4223 4452 Hippoer.

2313 4504 2373 4563 q,
2429 4480 2717 4566 πάρεστι
2761 4486 2873 4544 καὶ
2915 4482 3314 4563 φιλοτεχνίη.
3387 4480 3592 4543 ePlat.
3638 4479 3820 4563 Rep.
3866 4502 3924 4562 p.
3971 4480 4093 4546 342
4138 4480 4222 4543 D:

2313 4592 2556 4676 »μάτων
2600 4590 2772 4657 εἶναι
2817 4593 3071 4678 ἄρχων,
3117 4588 3256 4656 ἀλλ’
3306 4588 3384 4658 οὔ
3428 4592 3890 4678 χρηματιστής.

2324 4704 2440 4788 ην]
2485 4707 2671 4780 τέλος
2711 4710 2822 4788 τῆς
2866 4702 3157 4790 ἰατρικῆς
3220 4705 3375 4786 quid
3419 4712 3625 4785 esset,
3682 4705 3757 4767 G.
3805 4705 4021 4768 multis
4068 4705 4225 4769 locis

2313 4817 2363 4880 »L
2409 4816 2478 4898 1,
2535 4838 2597 4901 p.
2642 4818 2724 4883 64
2768 4821 2883 4880 in.:
2938 4823 3050 4899 τῆς
3114 4813 3403 4902 ἰατρικῆς
3434 4820 3662 4899 τέχνης
3711 4817 3959 4893 σκοπὸς
4001 4818 4125 4900 μὲν
4186 4814 4225 4902 ἡ

4610 5938 4689 5941 1
