4890 5969
2302 770 2397 877 21

2179 1059 2344 1145 Cap.
2401 1061 2503 1128 Π.

1033 1232 1229 1296 Parte
1284 1233 1564 1297 altera
1621 1233 1912 1315 quaerit,
1978 1232 2133 1316 quid
2176 1234 2259 1295 sit
2302 1251 2576 1313 causae,
2643 1252 2760 1297 cur
2830 1250 3015 1296 neme

704 1347 1067 1426 praecepta
1107 1347 1296 1429 sequi
1343 1344 1514 1409 velit.
1604 1343 1894 1410 Causam
1941 1346 2224 1426 positam
2272 1364 2423 1409 esse
2472 1350 2703 1410 censet
2751 1346 2818 1407 in
2865 1363 3015 1427 prav

700 1457 1026 1538 pecuniae
1069 1457 1618 1541 voluptatumque
1661 1457 1945 1520 studium
1992 1457 2284 1541 prolapsi
2328 1456 2497 1541 (διὰ
2539 1456 2970 1541 μοχθηρὰν
3014 1489 3015 1495 1

700 1572 1034 1653 θρωποι
1075 1567 1605 1655 τρέφονται),
1672 1587 1806 1652 qua
1848 1588 1996 1633 cum
2066 1571 2359 1633 omnium
2421 1570 2660 1632 artium
2729 1574 2863 1631 tum
2925 1587 3015 1632 me

702 1697 891 1744 cesse
931 1681 1033 1743 sit.

1032 1797 1323 1858 καίτοι
1367 1794 1987 1876 θαυμάζοντες]
2063 1791 2427 1856 Barbarum
2476 1793 2633 1859 illud
2692 1797 2758 1855 et
2807 1789 2980 1871 apud

700 1902 1055 1986 μάζονται,
1120 1906 1305 1967 cuius
1350 1907 1548 1969 etiam
1595 1903 1937 1968 Kuehnius
1983 1911 2183 1969 tenax
2224 1906 2376 1985 fuit,
2445 1923 2530 1967 ex
2576 1905 2919 1968 notissima
2976 1921 3015 1983 ες

703 2017 959 2081 fusione
1021 2021 1247 2079 natum
1317 2022 1434 2081 est.
1522 2016 1617 2083 Cf.
1661 2015 1879 2100 Spec.
1951 2019 2088 2083 alt.
2158 2025 2487 2101 quaest.
2563 2019 2736 2080 crit.
2804 2033 2861 2098 p.
2916 2016 2998 2081 10

703 2136 923 2192 autem
973 2129 1295 2212 Participii
1343 2148 1502 2206 *cum
1566 2134 1787 2195 καίτοι
1841 2132 2069 2195 structi
2125 2148 2164 2193 e
2221 2130 2479 2193 Galeno
2536 2128 2848 2211 colligere
2916 2136 3015 2190 est

1033 2238 1098 2305 εἷ
1141 2245 1279 2305 καὶ
1319 2236 1533 2329 τοῦτ’ᾖ
1579 2239 2151 2326 εὔτυχὴσειεν]
2188 2234 2305 2306 ΔΟΕ
2349 2238 2646 2322 εὐτυχεῖν
2689 2260 2837 2304 eum
2867 2238 3015 2303 Acc1

701 2352 787 2417 ad
831 2354 1065 2418 Galen.
1109 2354 1430 2436 Protrept.
1477 2374 1538 2436 p.
1582 2352 1684 2420 62.

1033 2462 1158 2540 εἰς·
1188 2462 1362 2539 ἕξιν
1405 2460 1768 2551 α’γαγεῒν]
1815 2463 1950 2542 ἕξις
1993 2466 2149 2549 quid
2194 2468 2303 2546 sit,
2350 2468 2491 2547 ipse
2536 2465 2611 2528 G.
2658 2464 2883 2528 definit
2930 2466 2994 2526 in

701 2574 737 2663 ἢ
786 2580 909 2660 μὲν
964 2578 1092 2663 γὰρ
1138 2575 1272 2654 ἕξις
1324 2573 1611 2659 ἔμμονός
1650 2602 1751 2654 τις
1795 2582 1908 2642 καὶ
1973 2577 2462 2652 δυσαλλοίωτος
2516 2576 2850 2652 διάθεσις.
2920 2578 2996 2641 cf.

702 2691 904 2755 tilian.
951 2689 1102 2755 Inst.
1152 2688 1236 2765 X,
1284 2690 1355 2770 1.,
1405 2691 1470 2752 1:
1517 2691 1761 2753 firma
1804 2691 2200 2773 quaedam
2245 2690 2655 2768 facilitas,
2714 2708 2889 2772 quae
2950 2709 3015 2772 a1

701 2804 847 2884 tur).
908 2838 969 2848 -
1042 2800 1280 2866 Similis
1338 2802 1611 2884 querela
1654 2810 1854 2885 atque
1916 2803 2041 2867 hoc
2096 2801 2243 2866 loco
2289 2801 2527 2884 legitur
2579 2802 2663 2865 de
2706 2800 3015 2865 Facult

700 2915 1067 2998 πάμπολλα
1100 2913 1227 3000 γὰρ
1272 2909 1558 3002 εὑρίσκω
1600 2916 1837 2992 τελέως
1879 2916 2002 3000 μὲν
2046 2911 2581 2997 ἀποδεδειγμένα
2644 2920 2782 2990 τοῖς
2823 2916 3015 2979 παλα,

700 3028 971 3102 πολλοῖς
1035 3031 1171 3092 τῶν
1225 3031 1346 3091 νῦν
1409 3023 1493 3091 δι’
1540 3022 1883 3109 ἀμαθίαν,
1947 3024 2088 3093 ἀλλ’
2135 3024 2279 3093 οὐδ’
2348 3022 2860 3112 ἐπιχειρούμενα
2911 3051 3015 3107 νιν

703 3135 874 3215 οὔτ’,
917 3135 984 3203 εἰ
1019 3142 1135 3203 καὶ
1175 3142 1506 3221 γνωσθείη
1547 3145 1709 3216 τινί,
1752 3139 2023 3215 δικαίως
2064 3134 2524 3222 ἐξεταζόμενα.

1034 3244 1390 3334 εὑρίσκω
1434 3249 1523 3334 δὴ
1568 3273 1622 3315 ιι.
1688 3274 1743 3314 τ.
1799 3253 1890 3331 λ.]
1963 3251 2066 3313 Ab
2112 3251 2211 3314 his
2255 3252 2474 3315 verbis
2516 3252 2743 3333 incipit
2808 3269 3015 3334 quaes

702 3379 875 3445 quae
920 3362 1184 3444 quidem
1232 3363 1326 3426 ita
1361 3364 1751 3440 instituitur,
1798 3370 1869 3426 ut
1913 3365 2106 3428 altius
2140 3368 2479 3446 repetatur
2512 3368 2713 3446 atque
2758 3382 2799 3425 a
2843 3363 2989 3427 loco

699 3479 936 3540 sumat.
1023 3474 1096 3537 In
1164 3475 1487 3538 eiusmodi
1552 3478 1890 3540 sententiis
1957 3475 2445 3541 conformandis
2493 3475 2819 3540 Galenum
2881 3477 2970 3539 uti

701 3589 815 3671 qui
859 3589 1071 3651 estin
1115 3587 1322 3654 Plac.
1365 3586 1593 3669 Hipp.
1642 3592 1722 3650 et
1761 3588 1959 3655 Plat.
2008 3587 2133 3651 vol.
2182 3586 2263 3666 V,
2319 3609 2380 3670 p.
2419 3580 2571 3654 722:
2646 3584 2826 3662 ὅπως
2886 3584 2948 3653 δ’
3008 3617 3015 3649 ι

697 3704 830 3764 τῶν
873 3699 1290 3783 ζητουμένων
1334 3694 1627 3782 εὑρίσκοι
1672 3723 1802 3776 τις,
1857 3700 2156 3766 ἄκουσον
2198 3694 2362 3782 ἐμοῦ
2405 3735 2508 3762 -.
2554 3695 2680 3781 ἐγώ
2728 3698 2806 3784 δή
2855 3705 2973 3764 σοί

700 3806 1029 3895 ἀλήθειαν
1073 3806 1562 3896 εὑρεθήσεσθαι
1604 3837 1657 3876 κ.
1693 3836 1756 3875 τ.
1800 3814 1856 3877 λ.
1935 3814 2128 3878 Hunc
2183 3831 2375 3876 usum
2423 3814 2806 3895 ignorantes
2861 3812 3015 3875 edit(

699 3928 971 4006 pserunt
1011 3921 1089 3987 δέ
1134 3928 1366 3987 contra
1409 3922 1550 3987 cod.
1595 3924 1913 3988 Marciani
1958 3926 2188 4005 fidem,
2235 3924 2345 4007 qui
2390 3923 2471 4009 δή
2517 3924 2810 4007 praebet.
2897 3925 3015 3987 Par

697 4053 809 4098 sus
851 4036 1227 4117 importune
1270 4038 1633 4100 immissam
1679 4039 1862 4100 eieci.

1028 4142 1546 4228 ἂτυχήσαντι
1590 4149 1680 4215 τὸ
1728 4154 2051 4215 καὶτοῦ
2094 4151 2383 4224 τέλους
2424 4145 2713 4228 αὐτοῦ]
2771 4150 2907 4214 Nec
2950 4145 3015 4213 ἅτ

699 4259 961 4322 dentem
995 4258 1324 4323 Pluralem
1370 4267 1509 4336 τοῖς
1551 4257 1942 4346 ἀνθρώποις
1986 4265 2051 4325 in
2096 4259 2464 4347 ἀτυχήσασι
2507 4280 2630 4326 nec
2671 4261 2747 4327 τό
2791 4264 2855 4326 in
2900 4285 2991 4349 τῳ

699 4370 1085 4435 mutandum
1132 4377 1250 4452 est,
1295 4372 1658 4452 Atticulae,
1705 4392 1836 4457 quo
1868 4379 2136 4458 propter
2169 4371 2541 4456 ἀναγκαῖον
2583 4372 2692 4459 (cf.
2739 4396 2801 4458 p.
2846 4375 2943 4452 14,
2987 4373 3015 4440 ἓ

697 4484 818 4548 dus
864 4484 1005 4547 erit.
1078 4482 1329 4548 Contra
1371 4493 1520 4567 post
1558 4490 1678 4551 τοῦ
1721 4488 1950 4564 τέλους
1997 4486 2338 4551 Genitivus
2381 4483 2640 4564 αὐτῶν,
2705 4489 2817 4570 qui
2878 4487 2944 4550 in
2990 4506 3015 4550 c

699 4596 1051 4660 mutandus
1095 4597 1231 4659 fuit.
1319 4595 1506 4675 Nam¹
1551 4616 1771 4682 neque
1816 4598 1897 4663 ad
1941 4598 2250 4685 βούλησις
2305 4606 2371 4663 et
2411 4597 2730 4682 δύναμις,
2797 4617 3015 4679 quemi

695 4714 844 4790 post
900 4712 1235 4796 θατέρου,
1281 4711 1508 4773 referri
1552 4715 1770 4792 potest
1813 4717 1879 4775 et
1936 4712 2296 4776 admodum
2343 4712 2508 4776 dure
2552 4712 2636 4775 ad
2680 4709 3015 4798 κατορθού

695 4839 838 4884 rem
882 4823 1137 4886 conieci
1167 4818 1409 4888 αὖτοῦε
1455 4822 1584 4887 ‘cui
1604 4842 1809 4886 unum
1840 4825 2206 4889 alterumve
2232 4824 2461 4903 deerit,
2507 4843 2658 4889 eum
2703 4824 2779 4888 id
2824 4826 3000 4908 ipsu
