4890 5969
2308 773 2404 856 15

714 1003 1026 1091 ἢντινοῦν
1066 1003 1340 1084 λαβόντι
1380 1003 1467 1088 μή
1514 1000 1665 1086 οὐχὶ
1704 1007 1818 1067 καὶ
1858 1002 1978 1078 τάς
2019 1004 2224 1079 ἄλλας
2265 999 2540 1079 ἁπάσας
2562 998 2768 1077 εὐθὺς
2810 998 3408 1075 άνακολουθούσας
3447 997 3625 1082 ἔχειν
3651 998 3871 1084 ὥσπερ
3916 996 3988 1066 ἐκ
4071 1000 4102 1062 1

716 1125 872 1199 μιᾶς
900 1120 1230 1201 μηρίνθου
1259 1115 1638 1197 δεδεμένας.
1682 1118 1795 1178 καὶ
1834 1116 1963 1200 μήν
1985 1115 2056 1180 εἴ
2102 1138 2177 1196 γε
2217 1115 2385 1202 πρὸς
2423 1115 2542 1197 τὴν
2565 1110 2640 1190 ἐξ
2662 1110 2864 1199 ἆρχῆς
2888 1113 3191 1196 μάθησιν
3232 1117 3344 1178 καὶ
3384 1112 3548 1199 πρὸς
3590 1111 3708 1194 τὴν
3748 1106 3987 1196 ἑφεξῆς

718 1229 995 1313 ἄσκησιν
1038 1227 1390 1308 ,α’ναγκαία
1444 1233 1582 1303 τοῖς
1638 1223 1893 1310 ἰατροῖς
1934 1222 2119 1293 ε’στιν
2160 1222 2198 1311 ἦ
2240 1229 2644 1311 φιλοσοφία,
2701 1224 2901 1307 δῆλον
2945 1221 3064 1302 ὥς,
3128 1222 3307 1300 ὅστις
3347 1220 3432 1288 ἂν
3475 1220 3725 1307 dial-9314·
3769 1220 3992 1308 ἰατρός

720 1337 793 1427 ᾗ,
865 1339 1134 1414 πάντως
1178 1336 1370 1414 οὗτός
1414 1334 1560 1403 ἐστι
1613 1342 1724 1402 καὶ
1780 1336 2167 1422 φιλόσοφος.
2235 1337 2394 1406 οὐδὲ
2448 1338 2573 1423 γὰρ
2621 1333 2764 1402 οὐδ’
2811 1336 2913 1403 ὅτι
2953 1336 3121 1424 πρὸς
3171 1336 3247 1400 τὸ
3304 1341 3598 1420 χρῆσθαι
3660 1339 3872 1409 κακῶς
3913 1339 3988 1422 τῇ

716 1455 908 1541 τέχνῃ
953 1452 1359 1534 φιλοσοφίας
1403 1448 1514 1514 δεῖ
1548 1457 1684 1525 τοῖς
1714 1448 1987 1533 ἰατροῖς,
2032 1448 2443 1527 ἀποδείξεως
2479 1446 2765 1534 ἡγοῦμαί
2799 1472 2977 1523 τινος
3018 1446 3274 1535 χρῄζειν
3300 1442 3676 1532 ἑωρακότας
3717 1468 3792 1526 γε
3831 1447 3987 1510 πολ·
4069 1446 4107 1507 5

717 1564 923 1643 λάκις,
968 1559 1056 1638 ώς
1100 1568 1472 1645 φαρμακεῖς
1494 1559 1692 1639 εἰσιν,
1737 1558 1858 1627 οὐκ
1898 1559 2117 1649 ἰατροὶ
2159 1568 2271 1628 καὶ
2307 1568 2597 1648 χρῶνται
2637 1566 2713 1648 τῇ
2757 1563 2946 1648 τέχνῃ
2970 1560 3136 1645 πρὸς
3176 1556 3570 1624 τούναντίον
3613 1557 3649 1642 ἢ
3692 1562 3990 1640 πέφυκεν

721 1673 785 1740 οἶ
827 1673 1326 1759 φιλοχρήματοι.

1052 1783 1250 1868 (Cap.
1295 1785 1422 1859 IV)
1472 1784 1771 1870 Πότερον
1826 1782 1947 1850 οὖν
1998 1783 2170 1872 ὑπὲρ
2231 1783 2579 1867 ὀνομάτων
2634 1782 2731 1849 ἔτι
2774 1783 3169 1872 διενεχθήσῃ
3223 1788 3336 1847 καὶ
3377 1782 3671 1868 ληρήσεις
3710 1783 3718 1864 Ι
3757 1777 3993 1867 ἐρίζων
4071 1774 4148 1838 62
4193 1776 4240 1839 Κ

721 1892 997 1984 ἐγκρατῆ
1040 1898 1162 1979 μὲν
1205 1902 1317 1961 καὶ
1359 1898 1676 1982 σώφρονα
1721 1901 1832 1960 καὶ
1882 1897 2232 1982 χρημάτων
2284 1903 2625 1983 κρείττονα
2669 1900 2781 1960 καὶ
2824 1896 3084 1960 δίκαιον
3128 1895 3318 1970 ἄξιον
3361 1893 3533 1959 εἶναι
3577 1895 3696 1959 τόν
3739 1891 3991 1978 ιάτρόν,

724 2007 800 2074 οὖ
844 2009 971 2090 μὴν
1013 2008 1388 2093 φιλόσοφόν
1431 2031 1529 2088 γε,
1572 2012 1685 2072 καὶ
1728 2007 1940 2092 φύσιν
1981 2009 2364 2090 γιγνώσκειν
2399 2008 2721 2091 σωμάτων
2763 2013 2876 2072 καὶ
2911 2004 3241 2092 ἐνεργείας
3274 2003 3577 2091 ὀργάνων
3620 2011 3731 2070 καὶ
3772 2012 3992 2091 χρείας
4072 1984 4152 2049 10

720 2128 970 2206 μορίων
1012 2125 1125 2185 καὶ
1187 2120 1521 2205 διαφορὰς
1580 2119 1972 2202 νοσημάτων
2026 2126 2138 2187 καὶ
2177 2127 2564 2206 θεραπειῶν
2606 2116 2919 2196 ἐνδείξεις
2930 2168 2953 2197 ,
3021 2116 3097 2184 οὕ
3160 2118 3290 2204 μήν
3331 2115 3667 2202 ἦσκῆσθαί
3714 2141 3788 2199 γε
3829 2119 3999 2182 κατὰ

720 2232 837 2315 τήν
876 2232 1145 2315 λογικήν
1186 2236 1519 2318 θεωρίαν,
1574 2230 1609 2315 ἢ
1656 2233 1738 2295 τὰ
1782 2235 2143 2316 πράγματα
2172 2232 2592 2318 συγχωρήσας
2635 2229 2802 2316 ὑπὲρ
2866 2228 3212 2312 ὀνομάτων
3262 2228 3630 2318 αι’δεσθήσῃ
3688 2231 3996 2317 διαφέρε-

724 2349 923 2421 σθαις
968 2348 1081 2408 καὶ
1121 2346 1250 2429 μὴν
1296 2340 1433 2425 ὀψὲ
1474 2348 1619 2425 μέν,
1662 2343 1940 2425 ἄμεινον
1982 2344 2059 2409 δὲ
2103 2350 2223 2409 νῦν
2264 2351 2426 2425 γοῦν
2454 2343 2990 2429 σωφρονήσαντά
3037 2362 3117 2407 σε
3156 2342 3241 2426 μή
3288 2342 3599 2428 καθάπερ
3645 2344 3912 2408 κολοιὸν
3957 2340 3992 2427 ἢ

722 2455 973 2538 κόρακα
1017 2460 1172 2538 περὶ
1215 2461 1460 2539 φωνῶν
1502 2457 1928 2538 ζυγομαχεῖν,
1976 2454 2115 2522 ἀλλ’
2165 2454 2373 2541 αὐτὴν
2414 2463 2549 2521 τῶν
2590 2454 2997 2540 πραγμάτων
3042 2454 3444 2531 σπουδάζειν
3483 2455 3601 2538 τὴν
3645 2451 3990 2536 ἀλήθειαν.

725 2565 802 2633 οὐ
861 2568 988 2652 γὰρ
1048 2568 1126 2651 δὴ
1183 2567 1380 2633 τοῦτό
1433 2565 1490 2649 γ’
1536 2566 1625 2632 ἄν
1683 2565 1858 2649 ἔχοις
1916 2566 2129 2634 εἰπεῖν
2144 2618 2161 2650 ,
2235 2565 2321 2644 ώς
2366 2566 2662 2652 ὑφάντης
2703 2572 2827 2649 μέν
2867 2591 2965 2642 τις
3008 2565 3043 2649 ἢ
3090 2566 3488 2649 σκυτοτόμος
3532 2564 3791 2647 α’γαθὸς
3832 2567 3993 2632 ἄνευ
4074 2559 4152 2624 15

722 2677 1077 2763 μαθήσεώς
1132 2703 1204 2745 τε
1262 2684 1376 2744 καὶ
1416 2676 1751 2763 ἀσκήσεως
1796 2677 1915 2745 οὐκ
1976 2681 2062 2746 ἄν
2120 2705 2287 2746 ποτε
2327 2686 2626 2761 γένοιτο,
2688 2680 2943 2755 δίκαιος
3001 2679 3075 2744 δέ
3129 2704 3226 2753 τις
3277 2676 3576 2764 ιάτρὸςῆ
3624 2679 3913 2764 σώφρων
3955 2677 3992 2762 ἢ

724 2789 1189 2867 ἀποδεικτικὰς
1233 2790 1268 2875 ἢ
1317 2792 1533 2866 δεινὸς
1586 2795 1741 2876 περὶ
1801 2792 2006 2875 φύσιν
2047 2789 2471 2877 ἐξαιφνίδιον
2526 2789 3031 2876 ἀναφανήσεται
3086 2790 3245 2873 μήτε
3288 2791 3716 2867 διδασκάλοις
3757 2791 3990 2875 χρησά-

720 2925 917 2986 μενος
968 2900 1113 2988 μήτ’
1160 2900 1361 2979 αὐτὸς
1418 2899 1792 2988 ἐπασκήσας
1836 2900 2098 2970 ἑαυτόν.
2160 2903 2224 2969 εἰ
2259 2911 2486 2970 τοίνυν
2547 2910 2658 2969 καὶ
2710 2901 2883 2969 τοῦτ’
2930 2901 3372 2986 ἀναίσχυντον
3423 2909 3535 2967 καὶ
3573 2904 3867 2990 θάτερον
3913 2900 3989 2969 οὗ

907 3213 921 3258 1
974 3206 1281 3272 ἡντιναοῦν
1331 3205 1713 3261 ABGChCr.K
1767 3207 2038 3273 ἡντινοῦν
2075 3206 2166 3260 LP
2217 3207 2304 3276 (in
2355 3208 2517 3263 codd.
2567 3207 2826 3262 librorum
2875 3207 2945 3262 de
2996 3206 3222 3261 Placitis
3261 3205 3425 3275 Hipp.
3485 3211 3541 3258 et
3575 3208 3716 3261 Plat.
3766 3208 3990 3275 saepius

725 3307 992 3372 ἡντινοῦν
1052 3321 1215 3376 quam
1269 3306 1573 3373 ἡντιναοῦν
1632 3309 1894 3377 scriptum
1943 3308 2270 3377 invenimus)
2315 3341 2375 3350 -
2443 3314 2523 3369 εἷς
2567 3314 2707 3380 μίαν
2755 3314 3030 3379 μιρίνθον
3077 3306 3122 3360 L
3168 3306 3230 3360 ἐκ
3275 3308 3410 3378 μιᾶς
3462 3314 3738 3380 μιρίνθου
3797 3307 3990 3363 PSeal.

721 3407 782 3459 ἐκ
816 3426 877 3477 μ.
922 3411 1211 3480 μηρίνθου
1249 3404 1309 3460 Α
1348 3438 1414 3446 -
1481 3410 1513 3464 3
1551 3405 1835 3476 ἀναγκαῖα
1888 3406 2092 3464 PABG
2129 3439 2195 3448 -
2244 3414 2459 3479 ἰατροῖς
2506 3408 2658 3463 ἐστὶν
2696 3405 2944 3463 LPABG
2982 3440 3048 3448 —
3104 3404 3175 3463 ἃν
3224 3406 3412 3478 ἰατρὸς
3471 3413 3517 3464 Ο
3564 3407 3635 3465 ἂν
3685 3408 3895 3477 ἀληθὴς
3953 3415 3991 3466 t.

721 3523 824 3562 nos
862 3538 929 3547 —
979 3510 1014 3564 4
1053 3504 1228 3567 οὕτως
1264 3506 1324 3562 Α
1361 3539 1427 3549 -
1479 3497 1644 3569 οὗτος
1690 3509 1807 3563 ἐστὶ
1854 3509 2142 3566 LPBScal.
2181 3541 2247 3550 —
2286 3513 2381 3563 καὶ
2430 3515 2561 3564 ante
2607 3507 2927 3580 φιλόσοφος
2974 3526 3079 3564 om.
3119 3509 3186 3563 Ι)
3228 3510 3403 3565 adiec.
3444 3510 3511 3564 L²
3558 3541 3620 3549 —
3669 3510 3878 3580 χρῆσαι
3919 3510 3984 3563 L¹

715 3609 970 3677 χρῆσθαι
1006 3608 1080 3661 L²
1109 3637 1177 3650 -
1217 3614 1249 3665 5
1287 3609 1352 3682 τῇ
1389 3613 1556 3682 τέχνῃ
1593 3640 1660 3649 --
1696 3609 2040 3672 ἀποδείξεως
2077 3628 2182 3666 om.
2218 3611 2285 3664 L¹
2329 3610 2504 3666 adiec.
2545 3611 2601 3665 in
2638 3626 2809 3679 marg.
2847 3612 2917 3664 L²
2943 3641 3005 3649 —
3048 3615 3079 3669 5
3119 3611 3365 3682 ἠγοῦμαι
3399 3609 3550 3670 τινὸς
3589 3610 3738 3665 LAB
3773 3612 3826 3678 ἡ.
3868 3611 3992 3665 τινα

721 3709 766 3762 Ρ
806 3739 870 3749 -
906 3707 1138 3779 χρήζειν
1173 3709 1505 3765 LPABGCh
1551 3708 1787 3783 χρῄζειν
1823 3711 1963 3767 Cr.K
2004 3743 2068 3752 -
2111 3710 2415 3782 ἑωρακότες
2455 3713 2550 3766 ΑΒ
2590 3711 2872 3783 ἑωρακότα
2909 3713 2954 3766 Ρ
3000 3709 3311 3783 ἑωρακότας
3345 3714 3404 3767 in
3443 3718 3623 3780 textu,
3688 3710 3991 3782 ἑωρακότες

720 3811 777 3864 in
812 3810 1059 3879 margine
1081 3809 1130 3864 G
1169 3809 1481 3880 ἑωρακότας
1515 3810 1706 3866 LScal.
1749 3811 1830 3867 Ch
1867 3812 1955 3869 Cr.
1995 3815 2044 3869 K
2065 3844 2133 3853 -
2170 3830 2235 3881 γε
2272 3819 2404 3881 post
2441 3813 2636 3883 ἑωρακ.
2677 3829 2783 3868 om.
2824 3813 2890 3865 L¹
2922 3814 2965 3868 P
3002 3813 3180 3868 adiee.
3217 3813 3289 3866 L²
3312 3844 3378 3852 —
3416 3814 3449 3869 6
3488 3821 3804 3885 φαρμακεῖς
3843 3818 3990 3868 εἰσὶν

720 3911 791 3963 L²
827 3908 985 3966 ABG
1028 3918 1345 3982 φαρμακεῖς
1381 3916 1530 3966 εἰσιν
1565 3914 1633 3967 L¹
1655 3917 1691 3967 Ρ
1729 3943 1794 3953 ——
1836 3918 1868 3971 7
1907 3912 2339 3985 φιλοχρήμαθοι
2372 3912 2433 3968 A
2469 3912 2890 3985 φιλοχρήματοι
2925 3914 3013 3968 LP
3051 3914 3212 3969 Corn.
3237 3945 3303 3954 —
3377 3916 3411 3971 8
3449 3914 3808 3985 διενεχθείση
3845 3916 3890 3969 Ρ
3920 3946 3987 3958 --

720 4017 964 4084 ληρίσεις
992 4010 1225 4067 LABch
1258 4042 1323 4051 —
1364 4015 1396 4069 9
1435 4012 1698 4086 ἐγκρατεῖ
1733 4030 1873 4070 corr.
1915 4014 2040 4070 ead.
2078 4032 2145 4068 m.
2181 4015 2240 4069 in
2279 4014 2520 4086 ἐγκρατῆ
2558 4016 2602 4069 Ρ
2631 4045 2695 4054 -
2736 4014 2914 4075 ἀξιῶν
2940 4016 3083 4069 εἶναι
3109 4015 3158 4069 G
3206 4046 3252 4054 -·
3296 4019 3363 4073 10
3401 4012 3703 4084 γινώσκειν
3740 4013 3828 4069 LP
3857 4024 3987 4073 ante

720 4109 1064 4181 γιγνώσκειν
1101 4112 1186 4168 Cr.
1223 4113 1331 4184 μὲν
1368 4112 1501 4167 addi
1538 4114 1671 4169 vult.
1717 4145 1776 4154 -—
1818 4115 1929 4170 τῶν
1965 4112 2238 4186 σωμάτων
2257 4112 2646 4171 ABGChCr.K
2667 4113 2939 4186 σωμάτων
2976 4117 3094 4172 sine
3130 4117 3239 4170 τῶν
3275 4117 3379 4181 LP,
3419 4116 3480 4170 cf
3526 4132 3694 4185 supra
3729 4134 3783 4186 p.
3810 4121 3890 4184 10,
3928 4121 3987 4185 ὃς

725 4217 898 4279 14,14
938 4213 1008 4270 de
1033 4212 1212 4269 Sectis
1250 4215 1359 4268 vol.
1378 4216 1417 4280 1,
1456 4217 1542 4281 72,
1584 4219 1611 4271 1
1638 4213 1841 4285 φύσεις
1862 4212 2137 4288 σωμάτων
2161 4247 2224 4257 -
2265 4219 2325 4271 11
2352 4214 2658 4282 ἦσκεῖσθαι
2695 4235 2759 4284 γε
2779 4215 2973 4270 LPAB
3009 4216 3303 4291 ἦσκῇσθαί
3337 4236 3400 4285 γε
3440 4217 3519 4272 Ch
3544 4248 3610 4257 —
3652 4222 3716 4274 13
3755 4234 3986 4290 σωφρο-

720 4311 900 4381 νήσαν
935 4315 1001 4367 L*
1044 4311 1493 4384 σωφρονήσαντά
1541 4331 1603 4369 σε
1641 4315 1713 4368 L²
1753 4346 1817 4356 —
1875 4316 1950 4387 μὶ,
1990 4316 2043 4369 δ’
2085 4313 2118 4384 ἢ
2157 4312 2419 4387 καθάπερ
2463 4316 2566 4372 AB
2602 4315 2740 4388 μήδ’
2783 4313 2816 4384 ἢ
2853 4336 2903 4372 κ.
2942 4316 3087 4372 Scal.
3125 4319 3174 4372 K
3209 4317 3341 4390 μηδ’
3383 4315 3416 4386 ἢ
3453 4338 3501 4373 κ.
3539 4318 3694 4374 L²Ch
3749 4319 3897 4390 μηδὴ
3936 4340 3984 4376 κ.

720 4415 945 4484 Ρ“μηδὲ
982 4412 1243 4484 καθάπερ
1277 4415 1325 4470 G
1362 4416 1418 4470 in
1459 4422 1616 4471 textu
1655 4424 1710 4472 et
1745 4418 1801 4471 in
1841 4418 1998 4474 adm:
2036 4419 2195 4490 *μηδὲ
2237 4414 2499 4489 καθάπερ
2522 4414 2634 4470 Ad.
2658 4417 2832 4472 Codd.
2872 4419 3130 4473 Manuscff
3167 4417 3244 4489 μὴ
3284 4416 3546 4489 καθάπερ
3584 4420 3651 4472 L¹
3679 4451 3747 4460 -
3792 4423 3853 4477 14
3893 4420 3986 4474 κό-

721 4520 860 4569 λακα
896 4515 953 4570 Α
991 4514 1205 4586 κόρακα
1244 4518 1406 4571 Corn.
1446 4523 1576 4572 cett.
1615 4549 1682 4560 —
1721 4522 2069 4590 λογομαχεῖν
2104 4517 2213 4573 Ad.
2259 4522 2601 4589 ζυγομαχεῖν
2636 4517 2783 4571 LPA
2824 4525 2952 4574 cett.
2993 4549 3058 4558 —
3114 4535 3282 4589 super
3315 4518 3430 4573 ἀλλ’
3472 4518 3648 4586 αὐτὴν
3694 4522 3749 4575 in
3785 4522 3830 4574 L
3866 4539 3986 4578 cor·

722 4618 893 4673 rectio
947 4633 1174 4685 prorsus
1237 4617 1540 4673 obscurata
1573 4649 1639 4658 —
1682 4623 1747 4676 15
1785 4620 1954 4673 τοῦτο
1992 4618 2043 4688 γ’
2077 4617 2312 4674 PABCh
2348 4648 2407 4659 —
2454 4615 2804 4689 σκυτόιομος
2840 4619 2999 4674 ABG
3034 4650 3099 4659 —
3136 4617 3272 4675 ἄνευ
3312 4638 3417 4677 om.
3459 4622 3524 4674 L·
3568 4622 3696 4678 add.
3740 4622 3810 4676 L²
3847 4622 3987 4679 ἀνα-

721 4716 1021 4788 μαθήσεως
1055 4719 1100 4772 P
1140 4747 1206 4758 —
1251 4722 1317 4776 16
1357 4737 1494 4773 ποτε
1531 4736 1621 4775 om
1658 4721 1725 4773 L¹
1766 4720 1944 4775 adiec.
1983 4721 2052 4773 L²
2089 4751 2155 4760 —
2199 4718 2384 4791 ἰατρὸς
2424 4727 2555 4788 post
2601 4739 2685 4780 τις
2718 4736 2823 4775 nos
2858 4721 3185 4777 inseruimus
3224 4753 3288 4763 —
3329 4726 3394 4779 17
3429 4722 3801 4793 ἐξαιφνήδιον
3838 4722 3985 4780 ΡΑΒ

724 4821 900 4882 -AS
935 4820 990 4873 in
1032 4821 1068 4872 Ι..
1107 4818 1261 4875 verbi
1297 4818 1623 4887 ἐπασκήσας
1659 4820 1879 4891 syllaba
1913 4822 2094 4890 prima
2130 4828 2408 4890 expuncta
2442 4827 2530 4877 est
2569 4851 2635 4862 —
2675 4826 2771 4875 καὶ
2808 4820 2983 4878 αὐτόν
3019 4823 3064 4877 Ρ
3099 4821 3274 4878 αὐτόν
3309 4825 3375 4877 L·
3419 4824 3622 4880 ἑαυτόν
3660 4827 3730 4879 L²
3768 4857 3834 4865 —
