4890 5969
2301 771 2402 854 23

713 998 932 1083 ὑγίεια
944 1050 967 1080 ,
1009 1005 1197 1078 τέλος
1238 999 1299 1068 δ’
1344 998 1381 1085 ἦ
1426 1006 1645 1086 κτῆσις
1677 999 1909 1088 αὖτῆς;
1954 1003 2039 1067 de
2080 1002 2259 1087 opt.
2305 1001 2510 1068 Sect.
2557 1003 2683 1068 vol.
2725 1004 2775 1084 Ι,

713 1116 1112 1197 singularem
1160 1119 1318 1200 περὶ
1357 1118 1476 1180 τοῦ
1500 1117 1729 1190 τέλους
1769 1119 1883 1197 τῆς
1923 1111 2212 1203 ἰατρικῆς
2256 1134 2331 1179 se
2355 1117 2697 1198 scripsisse
2741 1125 2791 1179 te

715 1227 813 1292 de
857 1248 906 1290 r.
934 1247 995 1292 v.
1039 1229 1116 1290 in
1162 1248 1250 1290 m.
1296 1245 1407 1290 ac.
1452 1226 1580 1290 vol.
1605 1225 1745 1308 XV,
1789 1226 1994 1310 p.421
2044 1232 2210 1292 extr.
2255 1234 2321 1292 et
2357 1229 2439 1292 de
2468 1227 2768 1310 Subfig.

1047 1337 1480 1422 φθάσουσι
1521 1337 1670 1419 γάρ
1712 1375 1785 1384 -
1831 1333 2305 1424 ἐξικέσθαι]
2365 1340 2484 1402 Hjs
2530 1340 2745 1403 verbis

716 1452 882 1516 citur
938 1469 1157 1533 neque
1220 1456 1378 1533 apta
1420 1455 1522 1512 est
1587 1469 1735 1513 cum
1794 1450 2334 1514 antecedentibus
2393 1459 2460 1515 et
2502 1453 2791 1535 sequenti

716 1564 978 1628 Graeca
1021 1580 1347 1644 agnosce,
1390 1579 1624 1625 sanam
1672 1566 1959 1626 mentem
2007 1581 2093 1625 ex
2137 1565 2213 1625 iis
2261 1563 2504 1627 elicere
2546 1566 2791 1628 nescio.

713 1677 961 1740 tatione
979 1675 1440 1755 Darembergi:
1485 1675 1621 1737 ‘car
1654 1673 1698 1736 il
1732 1679 1830 1737 est
1855 1674 1971 1737 des
2002 1670 2331 1738 medecins
2377 1672 2713 1761 (ἕτεροιῬ)
2738 1696 2791 1759 ῳ

713 1788 963 1852 memes
1018 1804 1181 1850 nous
1238 1804 1450 1868 ayons
1507 1787 1735 1849 atteint
1787 1785 1850 1850 le
1894 1786 2008 1849 but
2051 1804 2197 1850 vers
2250 1786 2470 1870 lequel
2530 1786 2685 1851 tend
2743 1808 2791 1851 c«

712 1901 883 1964 tibus
929 1901 1259 1963 sententia
1303 1903 1431 1961 est:
1478 1898 1637 1961 ‘fieri
1681 1916 1815 1962 non
1861 1903 2111 1981 potest,
2174 1904 2267 1978 ut,
2316 1901 2426 1981 qui
2475 1899 2674 1982 pluris
2717 1902 2791 1962 fa<

713 2031 845 2096 que
889 2023 1097 2074 artem
1146 2027 1310 2090 non,
1357 2015 1428 2072 ut
1469 2010 1553 2072 de
1596 2010 1968 2073 hominibus
2012 2010 2182 2073 bene
2229 2015 2511 2083 mereat,
2557 2013 2674 2075 sed
2719 2018 2786 2073 ut

713 2124 889 2208 quod
939 2126 1061 2187 arti
1107 2123 1511 2206 propositum
1559 2128 1688 2198 est,
1746 2122 2048 2204 expetat’.
2131 2123 2282 2185 Jam
2330 2142 2538 2186 causa
2593 2124 2791 2187 affere

709 2234 929 2319 τιστὴς
975 2254 1108 2298 non
1155 2236 1360 2317 possit
1403 2239 1717 2316 expetere
1759 2233 1835 2299 τὸ
1881 2235 2070 2310 τέλος
2111 2240 2223 2318 τῆς
2266 2231 2577 2321 ἰατρικῆς.
2663 2237 2748 2299 Ει

711 2341 1547 2433 φθάσουσι-ἐξικέσθαι,
1591 2345 1706 2408 sed
1743 2364 1861 2428 per
1886 2364 1988 2423 ea,
2034 2365 2206 2428 quae
2237 2354 2637 2429 sequuntur:
2685 2345 2762 2412 οὐ

714 2467 950 2543 turque
997 2460 1080 2522 ad
1128 2454 1429 2522 extrem'a
1482 2457 1688 2521 verba
1732 2460 1959 2540 capitis
2009 2456 2130 2543 (μὴ
2178 2455 2408 2545 ῥιγοῦν
2450 2459 2791 2545 προϊόντα]

715 2570 1145 2636 adnotatione
1190 2571 1449 2634 lectoris
1495 2568 1768 2632 alicuius
1814 2571 2001 2633 ‘tales
2046 2577 2314 2653 pectore
2345 2572 2634 2654 questus’
2676 2571 2741 2634 in
2788 2595 2791 2634 2

714 2684 925 2747 dentis
970 2684 1299 2765 expunxi,
1355 2700 1484 2764 quo
1530 2682 1790 2745 sublato
1838 2684 2048 2747 oratio
2094 2689 2271 2748 recte
2316 2684 2640 2768 procedit:
2711 2691 2791 2745 ‘ne

714 2813 874 2878 opes
929 2812 1253 2878 quaerere
1320 2800 1385 2857 et
1429 2801 1638 2858 artem
1697 2794 2006 2859 medendi
2050 2802 2184 2857 tam
2243 2815 2517 2876 gravem
2565 2814 2791 2859 exerce

715 2908 1029 2990 neglegat
1072 2924 1348 2970 necesse
1391 2911 1511 2969 est.
1597 2905 1936 2990 Cupiditas
1997 2910 2171 2972 enim
2232 2911 2559 2992 pecuniae
2601 2912 2791 2993 ingen

715 3021 903 3085 Finn.
947 3018 1048 3099 11,
1109 3019 1337 3099 §27›;
1406 3038 1513 3084 ars
1559 3024 1781 3084 autem
1841 3022 2151 3086 medendi
2213 3024 2507 3085 animum
2579 3024 2791 3106 requi:

713 3134 941 3216 paucis
985 3132 1400 3197 contentum’.

1041 3241 1184 3308 τὸν
1226 3240 1982 3330 ὅρον-προϊόντα]
2029 3245 2177 3310 Non
2212 3247 2503 3321 πλοῦτος
2545 3247 2667 3310 dici
2714 3264 2791 3331 po

713 3354 832 3418 sed
879 3352 1034 3439 ὅρος
1077 3359 1199 3419 τοῦ
1241 3352 1540 3419 πλούτου
1554 3382 1575 3433 ,-
1621 3358 1845 3439 itaque
1886 3357 1956 3419 P.
2001 3363 2067 3420 et
2109 3356 2305 3423 Corn.
2351 3366 2617 3423 secutus
2660 3383 2791 3446 προ

2177 3619 2341 3705 Cap.
2386 3620 2531 3687 111.

1040 3797 1326 3862 Tertia
1366 3807 1551 3883 parte
1597 3802 1673 3864 G.
1721 3803 1948 3865 omnia
1995 3803 2267 3885 colligit,
2313 3825 2487 3888 quae
2533 3808 2622 3886 ei,
2683 3808 2791 3890 qui

710 3910 981 3972 veniant
1022 3928 1299 3977 necesse
1341 3913 1455 3993 sit,
1500 3914 1734 3994 quibus
1778 3915 1832 3976 si
1881 3916 2025 3997 quis
2069 3917 2485 3997 satisfecerit,
2535 3937 2686 3982 eum
2732 3920 2791 4003 pl

708 4018 846 4083 lum
890 4019 1082 4083 finxit
1128 4024 1362 4104 talem,
1409 4024 1622 4108 qualis
1666 4026 1864 4089 fuisse
1911 4027 1974 4090 ei
2019 4026 2364 4091 videbatur
2404 4028 2791 4113 Hippocrate

708 4132 1179 4215 Hippocratem
1223 4137 1436 4219 ipsum
1483 4137 1567 4200 ad
1613 4138 1927 4202 historiae
1970 4139 2165 4203 fidem
2198 4140 2572 4204 describere
2616 4144 2675 4205 ei
2721 4163 2791 4224 pr

708 4247 963 4329 species
1007 4248 1279 4328 perfecti
1322 4250 1562 4314 medici
1608 4254 1674 4312 et-
1697 4249 2113 4334 Hippocratis
2156 4253 2378 4334 imago
2409 4253 2760 4334 singularis

1037 4353 1577 4445 ὑπερόψεται
1635 4362 1786 4445 μὲν
1834 4357 2377 4450 Ἀρταξέρξου
2443 4387 2531 4429 τε
2594 4369 2727 4429 καὶ
2778 4412 2791 4430 i

706 4473 996 4532 aetatem
1041 4479 1405 4553 pervagata
1469 4475 1648 4538 fama
1709 4475 1827 4537 fuit
1868 4474 2336 4557 Hippocratem
2406 4478 2491 4541 ab
2543 4480 2791 4542 Artaxe

706 4582 853 4645 miis
898 4587 967 4643 ut
1010 4582 1096 4645 ad
1141 4604 1216 4649 se
1260 4588 1513 4650 veniret
1553 4588 1898 4650 invitatum
1945 4587 2336 4670 denegasse.
2421 4589 2623 4654 Plut.
2669 4592 2791 4654 vit¹

704 4687 983 4779 κράτους
1038 4688 1126 4770 ὥς
1167 4689 1383 4760 ἔοικεν
1434 4690 1732 4781 άκηκοώς
1788 4696 1989 4779 λόγον
2034 4697 2112 4764 ὃν
2156 4698 2305 4765 εἶπε
2354 4706 2475 4767 τοῦ
2518 4700 2791 4784 μεγάλοι

701 4805 975 4882 πολλοῖς
1038 4827 1181 4873 τισι
1234 4801 1586 4885 ταλάντοις
1627 4806 1747 4875 οὐκ
1809 4810 1895 4874 ἄν
1936 4832 2106 4876 ποτε
2159 4812 2523 4900 βαρβάροις
2556 4808 2791 4898 Ἑλλὴνι
