4890 5969
2558 744 2663 824 14

1841 997 1853 1047 ς
1905 969 2075 1056 ἡμᾶς
2138 969 2465 1050 ἐδίδαξεν.
2511 971 2663 1040 ὥστ’
2710 970 2791 1039 οὖ
2837 973 3050 1056 μόνον
3095 971 3346 1059 άνάγκη
3389 976 3742 1061 χρημάτων
3801 981 4247 1060 καταφρονεῖν

1841 1109 1890 1160 ν,
1955 1081 2124 1149 άλλά
2181 1089 2292 1149 καὶ
2342 1085 2721 1170 φιλόπονον
2780 1081 3072 1166 ἐσχάτως
3127 1083 3490 1169 ὑπάρχειν..
3540 1092 3655 1153 καὶ
3704 1087 3833 1173 μὴν
3901 1083 4021 1152 οὐκ
4064 1080 4247 1152 ἐνδέ-

1863 1220 2013 1260 τινα
2067 1196 2573 1279 μεθυσκόμενον
2630 1196 2667 1281 ἢ
2727 1193 3229 1280 ἐμπιπλάμενον
3291 1196 3328 1281 ἢ
3387 1195 3810 1287 ἀφροδισίοις
3866 1202 4247 1285 προσκείμε-

1841 1314 1919 1372 ῐὶν
1984 1305 2270 1384 αἰδοίοις
2344 1314 2457 1373 καὶ
2523 1315 2760 1393 γαστρὶ
2833 1308 3260 1374 δουλεύοντα.
3341 1310 3782 1397 σωφροσύνης
3851 1308 3973 1376 οὖν
4038 1311 4247 1394 φίλος,

1841 1443 1901 1494 κς
1965 1415 2257 1504 ἑταῒρος,
2332 1419 2368 1486 ὅ
2438 1419 2495 1502 γ’
2572 1419 2822 1506 άληθὴς
2882 1418 3106 1512 ἰατρὸς
3174 1419 3539 1510 ἐξεύρηται.
3618 1426 3732 1487 καὶ
3805 1423 3928 1505 μὲν
3994 1420 4073 1505 δὴ
4141 1424 4247 1485 καὶ

1841 1556 1853 1579 ν
1893 1530 2011 1616 χρὴ
2071 1531 2267 1614 χάριν
2307 1539 2425 1598 τοῦ
2473 1538 2754 1613 γνῶναι,
2812 1534 2993 1599 πόσα
3036 1534 3119 1599 τά
3181 1535 3405 1599 πάντα
3449 1531 3591 1600 κατ’
3640 1534 3781 1617 εἴδη
3824 1556 3899 1598 τε
3940 1538 4054 1599 καὶ
4095 1537 4247 1616 γένη

1841 1647 1865 1706 ἱ
1925 1649 2064 1718 πῶς
2131 1638 2236 1727 ἐφ’
2290 1640 2579 1710 ἑκάστου
2633 1647 2918 1730 ληπτέον
2979 1645 3263 1724 ἔνδειξίν
3317 1672 3466 1712 τινα
3511 1644 3834 1730 ἰαμάτων.
3896 1642 3933 1726 ἦ
3979 1642 4040 1709 δ’
4086 1641 4247 1727 αὐτὴ

1841 1761 1853 1812 ῖ
1882 1754 2188 1837 σώματος
2218 1755 2423 1841 αὐτὴν
2445 1756 2758 1822 διδάσκει
2788 1755 3013 1841 φύσιν,
3056 1760 3173 1842 τήν
3194 1755 3249 1823 τ’
3294 1755 3367 1825 ἐκ
3398 1766 3532 1823 τῶν
3570 1758 3854 1845 πρώτων
3880 1762 4247 1838 στοιχείων,

1841 1891 2029 1942 ἀται,
2072 1871 2184 1931 καὶ
2222 1869 2341 1952 τὴν
2383 1863 2457 1933 ἐκ
2497 1875 2636 1933 τῶν
2662 1869 3015 1955 δευτέρων,
3056 1878 3190 1936 τῶν
3234 1869 3605 1956 αἰσθητῶν,
3651 1869 3695 1931 ἃ
3732 1868 3815 1951 δὴ
3861 1873 3976 1934 καὶ
4021 1865 4247 1951 ὅμοιο-

1854 1983 1965 2042 καὶ
2006 1985 2225 2064 τρίτην
2282 1975 2398 2044 ἐπὶ
2436 1974 2710 2056 ταύταις
2752 1982 2870 2065 τὴν
2928 1976 3001 2048 ἐκ
3043 1988 3175 2049 τῶν
3219 1980 3588 2069 ὀργανικῶν
3629 1987 3866 2067 μερῶν.
3936 1977 4105 2045 ἀλλὰ
4140 1983 4247 2043 καὶ

1841 2096 1918 2154 ’ἦν
1961 2088 2321 2175 εἰρημένων
2373 2086 2659 2158 ἑκάστου
2702 2097 2813 2157 καὶ
2855 2098 2952 2168 τίς
3009 2091 3046 2177 ἢ
3092 2091 3412 2181 ἐνέργεια,
3458 2095 3616 2160 δέον
3659 2093 3844 2175 ἄγειν
3887 2097 3999 2157 καὶ
4038 2095 4247 2156 τάῦτα

1845 2200 1981 2285 μετ’
2026 2201 2436 2279 ἀποδείξεως
2459 2210 2982 2284 πεπιστεῦσθαι,
3027 2208 3194 2292 πρὸς
3234 2212 3346 2291 τῆς
3387 2209 3646 2289 λογικῆς
3689 2205 3899 2288 δήπου
3945 2203 4247 2268 διδάσκε-

1841 2340 1877 2379 ν
1934 2312 2032 2380 ἔτι
2074 2317 2373 2380 λείπεται
2429 2316 2597 2402 πρὸς
2651 2317 2728 2383 τὸ
2772 2318 2856 2402 μὴ
2902 2316 3077 2383 εἶναι
3122 2320 3510 2403 φιλόσοφον
3552 2318 3671 2382 τὸν
3714 2314 3984 2402 ἰατρόν,
4052 2314 4123 2391 ὃς
4164 2313 4247 2378 ἂν

1841 2427 2015 2515 Γκήσῃ
2061 2428 2178 2510 τὴν
2221 2433 2455 2512 τέχνην
2468 2457 2487 2506 ,·
2556 2425 2621 2493 εἰ
2656 2429 2819 2511 γάρ,
2876 2432 2989 2494 ἵνα
3034 2432 3160 2512 μὲν
3227 2425 3456 2519 ἐξεύρῃ
3526 2430 3731 2513 φύσιν
3791 2430 4097 2512 σώματος
4141 2433 4247 2492 καὶ

1841 2544 1908 2602 αὶ
1949 2536 2248 2622 ἰαμάτων
2292 2535 2643 2618 ἐνδείξεις,
2688 2537 2762 2606 ἐν
2802 2547 2877 2630 τῇ
2921 2544 3143 2631 λογικῇ
3187 2548 3446 2629 θεωρίᾳ
3490 2541 3954 2624 γεγυμνάσθαι
3994 2539 4247 2624 προσή-

1841 2676 1867 2726 ς
1921 2656 1995 2738 τῇ
2040 2651 2292 2716 τούτων
2347 2649 2630 2731 ἀσκήσει
2671 2657 3061 2743 παραμένῃ,
3124 2655 3474 2738 χρημάτων
3534 2677 3608 2718 τε
3648 2659 4099 2737 καταφρονεῖν
4139 2657 4247 2716 καὶ

1841 2760 1998 2827 πάντ’
2045 2761 2130 2827 ἂν
2174 2763 2293 2848 ἤδη
2346 2770 2455 2846 τῆς
2499 2766 2903 2848 φιλοσοφίας
2946 2763 3088 2847 ἔχοι
3130 2767 3213 2829 τά
3256 2771 3443 2851 μέρη,
3488 2764 3562 2831 τό
3605 2788 3679 2830 τε
3717 2764 4095 2845 λογιστικὸν
4138 2767 4247 2827 καὶ

1841 2878 2014 2941 undu.
2061 2872 2138 2941 οὗ
2182 2878 2307 2961 γὰρ
2352 2875 2431 2961 δὴ
2476 2877 2630 2952 δέος
2672 2900 2769 2957 γε,
2811 2878 2895 2962 μὴ
2940 2878 3291 2965 χρημάτων
3337 2884 3783 2963 καταφρονῶν
3825 2882 3937 2941 καὶ
3982 2897 4247 2959 σωφρο-

1841 3034 1844 3042 ,
1885 2989 2121 3076 πράξῃ·
2166 2990 2388 3053 πάντα
2432 2990 2589 3073 γὰρ,
2650 2988 2694 3051 ἃ
2736 2991 3071 3071 τολμῶσιν
3114 2988 3358 3066 άδίκως
3401 2990 3787 3075 ἄνθρωποι,
3844 2992 4247 3073 φιλοχρημα-

1841 3099 2254 3183 νοητευούσης
2296 3096 2533 3185 ἡδονῆς
2588 3102 3013 3186 πράττουσιν.
3077 3101 3249 3166 οὕτω
3309 3102 3385 3165 δὲ
3427 3106 3538 3165 καὶ
3597 3102 3714 3176 τάς
3758 3100 3963 3175 ἄλλοις
4007 3096 4247 3184 α’ρετὰς

1841 3236 1894 3278 ν·
1983 3213 2331 3295 σύμπασαι
2391 3211 2517 3297 γὰρ
2592 3210 2902 3297 ἀλλήλαις
2971 3211 3251 3278 ἕπονται
3328 3219 3440 3279 καὶ
3525 3210 3648 3295 οὐχ
3711 3211 3857 3278 οἶόν
3948 3235 4022 3276 τε
4094 3216 4247 3293 μίαν

1847 3486 2225 3546 LPABGChK
2278 3494 2372 3543 καὶ
2421 3490 2586 3545 eiecit
2638 3489 2724 3545 Or.
2765 3520 2832 3531 —
2883 3489 3029 3561 ἡμᾶς
3075 3488 3246 3549 αὐτὸς
3281 3490 3326 3544 Ρ
3364 3520 3432 3531 --
3484 3494 3516 3547 3
3555 3491 3700 3545 εἶναι
3738 3488 3865 3545 τινὰ
3903 3487 4151 3544 LPABG
4188 3518 4247 3529 —

1841 3607 1881 3646 *o
1939 3587 2374 3660 ἐμπιπλάμενον
2429 3592 2617 3646 omiss.
2669 3592 2725 3645 in
2775 3591 2820 3646 Ο
2878 3606 2983 3646 nos
3030 3591 3357 3645 inseruimus
3400 3621 3464 3631 —
3521 3592 3552 3645 4
3592 3588 3909 3659 συλληβδήν
3946 3590 4006 3646 A
4042 3622 4106 3632 —
4147 3605 4247 3642 σω-

1841 3708 1967 3747 ›s—
2001 3688 2249 3761 ὁῶσπέρ
2288 3710 2351 3759 γε
2374 3691 2529 3746 ABG
2554 3721 2618 3731 —
2655 3688 2688 3744 ὅ
2726 3709 2790 3759 γε
2828 3690 2990 3758 din-9.
3014 3691 3075 3757 P;
3110 3689 3179 3745 cf.
3218 3705 3389 3760 supra
3424 3708 3479 3760 p.
3510 3694 3593 3758 12,
3619 3696 3703 3748 13.
3728 3721 3792 3731 —
3831 3694 3864 3748 6
3901 3690 4066 3745 ἄσκει
4109 3691 4247 3760 (εἰσ)

1872 3791 1982 3864 χρὴ
2030 3798 2160 3862 post
2191 3791 2391 3846 ἀσκεῖν
2437 3792 2603 3847 inseri
2653 3792 2773 3847 vult
2813 3792 2901 3848 Cr.
2941 3824 3005 3834 -—
3069 3795 3102 3849 7
3141 3792 3388 3854 ἔνδειξιν
3440 3790 3567 3847 τινὰ
3603 3791 3797 3847 LPAB
3837 3823 3902 3835 —
3959 3795 3994 3850 8
4032 3791 4247 3846 διδάκει

1841 3914 1861 3947 ν
1897 3894 2000 3948 ΑΒ
2042 3924 2104 3932 -
2147 3896 2214 3950 10
2250 3899 2438 3964 τρίτον
2474 3892 2665 3948 PSOal.
2707 3923 2772 3932 —
2827 3897 2889 3949 11
2932 3899 3031 3946 καί
3065 3913 3147 3953 τις
3182 3895 3249 3947 L·
3291 3895 3393 3948 AB
3431 3898 3525 3947 καὶ
3563 3898 3647 3954 τὶς
3682 3895 3754 3947 L²
3792 3924 3856 3933 -
3898 3891 4013 3960 ζῶῳ
4055 3897 4101 3948 Ο
4138 3889 4247 3962 ζῴῳ

1841 4013 1882 4048 ,ν
1927 3997 2037 4066 μὲν
2072 3992 2238 4063 ἄγειν
2271 3993 2598 4049 LPABChK
2638 3996 2774 4049 δέον
2812 3997 2921 4065 μὲν
2959 3999 3143 4063 λέγειν
3184 3995 3232 4050 G
3270 3998 3379 4065 μέν
3416 3995 3579 4049 eiecit
3615 3994 3729 4061 Cr.;
3788 3993 4027 4049 fortasse
4071 3994 4247 4064 legen-

1841 4094 1943 4150 1fra
1979 4095 2278 4150 Comment.
2316 4102 2487 4150 nostr.
2529 4126 2593 4136 —
2657 4098 2726 4151 12
2775 4094 2915 4166 μετὰ
2962 4094 3140 4149 α’ποδ.
3189 4094 3609 4151 LPABGChOr.
3656 4095 3773 4167 μετ’
3816 4094 3921 4149 ἀπ.
3962 4097 4010 4149 Κ
4053 4126 4110 4137 -·
4157 4112 4247 4147 πε-

1845 4218 1863 4248 ι.
1915 4196 2047 4251 LCr.
2099 4196 2520 4249 πεπιστεῦσθαι
2570 4195 2763 4251 PSoal.
2806 4195 2987 4251 GChK
3031 4225 3098 4236 —
3157 4199 3219 4253 13
3258 4199 3310 4249 τὶ
3358 4194 3429 4262 δὴ
3468 4196 3572 4250 ΑΒ
3612 4226 3676 4236 -
3726 4196 3869 4266 πρὸς
3904 4197 3980 4265 τῷ
4018 4194 4247 4251 ABGCh

1841 4297 1884 4353 [e
1922 4297 2127 4351 Comm.
2168 4305 2338 4351 nostr.
2380 4327 2442 4335 —
2488 4293 2587 4356 οὓς
2623 4292 2695 4368 ἂν
2734 4297 2836 4352 AB
2876 4297 2951 4358 ὠς
2991 4293 3063 4351 ἂν
3099 4297 3187 4350 LP
3226 4294 3319 4357 ιὁς
3365 4297 3491 4364 (sic)
3528 4296 3642 4351 Ad.
3684 4297 3777 4351 alii
3814 4286 3909 4350 ὤν’
3945 4297 3993 4352 G
4037 4299 4094 4352 in
4130 4295 4247 4351 adn,

1861 4399 1908 4452 K
1951 4427 2017 4438 —-
2065 4400 2123 4452 14
2166 4393 2520 4467 ἱπποκράτης
2568 4397 2613 4450 Ρ
2652 4428 2720 4437 -
2772 4397 2861 4459 άξι
2919 4399 3056 4467 (sio)
3102 4397 3168 4449 L¹
3211 4395 3379 4458 ἀξίως
3415 4397 3485 4451 L²
3523 4414 3627 4452 om.
3670 4398 3715 4451 P
3754 4429 3816 4438 -—
3885 4403 3936 4452 εἰ
3991 4397 4101 4468 γὰρ
4150 4413 4247 4453 om,

1841 4499 2074 4553 ινιῖσθαι
2115 4497 2444 4552 LPABGCr.
2495 4495 2895 4569 γεγυμνάσθαι
2937 4497 3068 4553 chK
3109 4529 3174 4538 —
3239 4502 3304 4555 17
3343 4496 3529 4553 πάντα
3578 4495 3686 4566 ἤδη
3726 4502 3772 4553 O
3820 4497 3981 4552 πάντ’
4032 4494 4105 4553 ἂν
4153 4495 4247 4565 ἤδη

1841 4620 1851 4651 ι
1893 4597 1957 4652 τὰ
2007 4618 2066 4669 μ.
2107 4598 2192 4653 Cr.
2233 4627 2298 4639 —
2361 4602 2426 4655 18
2465 4598 2565 4667 τὴν
2603 4596 2985 4669 σωφροσύνην
3022 4598 3402 4654 ABGChCr.K
3454 4598 3565 4668 τήν
3604 4599 3763 4654 deest
3810 4600 3866 4653 in
3913 4598 4147 4654 LPScal.
4192 4629 4247 4638 —

1849 4697 2070 4753 ἄτοπον
2095 4700 2160 4752 L·
2203 4696 2409 4754 ἄδικον
2445 4701 2565 4754 L·¹P
2600 4696 2821 4753 ἄτοπον
2857 4703 2950 4752 καὶ
2991 4696 3198 4753 ἄδικόν
3235 4719 3290 4752 τι
3327 4698 3472 4754 Scal.
3511 4731 3572 4740 —
3613 4697 3817 4771 πράξει
3858 4700 4051 4755 PSeal.
4077 4697 4247 4769 πράξιΙ

1841 4800 1905 4867 δὴ
1947 4802 2033 4856 Cr.
2082 4833 2142 4842 -
2183 4802 2244 4856 21
2293 4801 2447 4870 ἔχειν
2484 4799 2661 4867 αὐτήν
2695 4800 2740 4853 Ρ
2782 4830 2844 4840 -
